4734 5442
397 521 399 528 Ι
687 560 748 649 ι36
778 558 795 594 ·’
908 569 1085 627 errarunt
1109 563 1436 622 cccmntmcauvre
1459 562 1622 656 ttrtxrt.
1650 570 1720 627 cra.
1742 565 1790 627 tr.

687 644 1966 692 mnu-*um*

689 732 842 793 penus
865 697 906 806 ι)
927 706 965 779 in
980 703 1120 781 cunllis
1140 699 1369 779 monasteriis
1426 726 1466 779 er
1489 708 1667 805 Aegyptum
1700 701 1895 782 obtinuisse
1917 703 1970 779 di·

691 833 801 907 cunt,
822 828 864 888 vt
884 812 1119 883 nontantum
1141 800 1324 893 sermoni,
1349 726 1424 882 sed)
1439 806 1645 881 recitationi
1675 807 1786 882 etiam
1811 804 1971 906 psalmo·

692 937 780 995 rum
793 910 946 1008 aliisque
960 903 1177 984 lesbionibus
1199 902 1246 981 de
1261 902 1450 1006 scripturis
1463 898 1627 983 sedentes
1642 904 1884 984 attenderent.
1916 907 1982 982 Vt·
2016 995 2019 1004 Ι

677 1014 791 1096 'adeo
810 1010 884 1089 hoc
901 1004 1021 1109 ipsum
1042 997 1334 1099 indifferentibus
1356 1004 1483 1083 ritibus
1506 1006 1545 1083 dt
1566 1004 1890 1084 consuetudinibus
1911 1003 1974 1085 ad·

693 1113 883 1197 numerari
904 1107 1100 1210 oporteat,
1123 1104 1170 1184 de
1192 1106 1323 1204 quibus
1338 1107 1518 1208 generalis
1542 1106 1713 1207 quaedam
1742 1105 1901 1185 ecclesrae
1918 1132 1975 1186 ca·

626 1243 643 1266 ··
694 1215 843 1298 tholicte
857 1211 987 1311 regula
1002 1231 1080 1285 non
1096 1205 1165 1285 fuit
1179 1204 1282 1293 data;
1306 1206 1369 1285 sed
1398 1208 1550 1306 quilibet
1572 1208 1875 1287 consuetudinem
1903 1208 1976 1286 loci

694 1317 813 1413 istius,
835 1312 900 1392 vbi
915 1309 1079 1411 degeret,
1093 1306 1267 1406 sequutus
1281 1309 1352 1407 est,
1372 1309 1408 1386 ἃ
1425 1308 1598 1407 quaelibet
1615 1309 1763 1389 ecclesia
1783 1309 1976 1387 obseruan-

696 1417 789 1495 dum
805 1409 1044 1514 praescripfit,
1066 1406 1170 1514 quod
1193 1407 1240 1488 r'ti
1262 1410 1394 1512 populi
1411 1407 1692 1493 aedificationem
1719 1413 1889 1493 omniunt
1903 1434 1977 1494 utu·

401 1493 403 1500 Ι
525 1508 529 1515 ’
595 1581 600 1592 .
700 1524 802 1602 xime
817 1516 939 1593 facere
959 1509 1136 1614 crederet,

600 1769 603 1780 =
679 1812 681 1816 ,
699 1723 911 1810 Petelinis
926 1713 1141 1823 constectudo
1159 1722 1254 1799 eccle
1267 1749 1310 1797 aa
1325 1715 1528 1803 Africanae
1547 1719 1602 1798 ad
1610 1721 1853 1804 excitandam
1872 1721 1975 1804 audi·

1130 1853 1252 1911 torum
1279 1838 1540 1913 attentionem.
1607 1889 1612 1897 ·
1686 1895 1690 1900 .

814 1938 1346 2024 Prcvrtantsconsuetudo
1368 1944 1406 2017 in
1423 1941 1570 2019 ecclesia
1584 1940 1741 2039 Afrlcana
1755 1961 1850 2035 erat,
1866 1968 1977 2043 quan·

702 2041 758 2128 do
780 2049 1022 2125 concionator
1039 2041 1200 2121 notabile
1220 2040 1412 2141 quoddam
1430 2039 1617 2144 scripturae
1642 2041 1778 2122 didlum
1791 2046 1829 2121 in
1850 2046 1975 2123 medio

702 2150 891 2231 sermone
899 2170 945 2247 ert
966 2148 1018 2223 im
1048 2140 1169 2222 rouiso
1185 2142 1376 2243 recitabat,
1401 2164 1441 2221 vt
1457 2146 1619 2245 populus
1630 2147 1668 2221 in
1684 2142 1884 2248 repetenda
1897 2148 1975 2225 eius

615 2267 620 2288 '
700 2250 855 2331 clausula
875 2272 961 2326 cum
974 2168 1055 2347 ips)
1068 2244 1104 2325 se
1120 2246 1374 2421 coniungeret.
1423 2245 1729 2324 Avevsrtuvs
1751 2248 1828 2325 eius
1846 2247 1976 2324 menti-

689 2368 815 2432 'onem
836 2349 920 2427 facit
933 2350 972 2425 in
987 2345 1159 2424 sermone
1172 2369 1249 2443 quo
1278 2370 1337 2421 am
1357 2345 1417 2446 t),
1442 2345 1505 2422 vbi
1522 2370 1637 2443 quum
1653 2345 1734 2424 haec
1752 2347 1864 2425 verba
1880 2344 1975 2425 Paula·

573 2518 577 2523 .
702 2451 806 2531 orsus
820 2448 925 2546 esset,
944 2449 1032 2523 Finis
1043 2455 1190 2550 precepti
1200 2448 1260 2564 est,
1283 2465 1479 2545 antequam
1495 2469 1688 2548 pergeret,
1719 2448 1902 2549 populum
1926 2448 1976 2523 al·

701 2553 861 2649 loquens
882 2547 1074 2639 monebat,
1090 2570 1131 2626 vt
1143 2548 1284 2648 rehqua
1298 2545 1395 2627 illius
1411 2546 1500 2625 dieti
1514 2547 1638 2648 secum
1650 2570 1879 2650 repeterem3
1896 2572 1974 2649 quo

700 2654 802 2734 fatto
822 2674 955 2728 omnes
977 2646 1093 2727 statim
1116 2647 1377 2748 acclamabant,
1406 2659 1528 2724 caritas
1547 2647 1587 2723 de
1604 2648 1698 2734 tarde
1713 2672 1810 2750 para.
1883 2649 1978 2754 Qo

704 2756 718 2833 i
747 2754 787 2832 so
808 2774 874 2832 eos
895 2746 1157 2829 demonstrasse
1178 2748 1287 2842 dicit,
1311 2748 1416 2849 quod
1439 2774 1517 2830 non
1543 2747 1769 2831 infrudluose
1785 2750 1976 2831 audierint.

739 2880 754 2936 t
771 2854 846 2933 hoc
860 2852 935 2931 fine
949 2850 1063 2929 dubio
1080 2849 1218 2930 sallum
1232 2848 1296 2947 est,
1308 2873 1350 2930 vt
1363 2850 1526 2952 populus
1542 2849 1588 2929 ad
1602 2849 1838 2956 audiendum,
1853 2856 1978 2955 legen·

530 3051 533 3057 .
704 2956 796 3036 dum
817 2957 856 3033 ἃ
878 2952 1117 3033 recolendum
1141 2951 1340 3055 scripturas
1363 2955 1603 3051 excitaretur,
1630 2953 1888 3034 vtoccasinne
1908 2955 1980 3034 exi·

616 3080 623 3091 ··
735 3080 819 3136 ente
839 3053 1043 3132 istiusmodi
1064 3055 1170 3132 vtiles
1190 3079 1315 3133 earum
1338 3054 1531 3156 particulas
1554 3054 1706 3134 recitare
1729 3054 1892 3156 possent,
1919 3056 1978 3135 ha·

704 3083 834 3240 gentes
854 3178 941 3234 tunc
970 3155 1174 3234 libertatem
1200 3181 1278 3234 non
1310 3175 1451 3234 tantum
1482 3153 1651 3234 audiendi
1675 3174 1680 3181 ·
1701 3153 1907 3244 sedetiam
1929 3158 1977 3235 le·

623 3259 625 3264 ’
703 3260 822 3366 gendi
849 3282 892 3336 ac
915 3254 1091 3340 recitandi
1105 3280 1174 3337 eas
1194 3258 1319 3361 lingua
1335 3258 1463 3361 patria.
1527 3258 1641 3346 ,Nun
1654 3209 1734 3338 suec
1750 3259 1979 3340 consuetudo

705 3363 837 3443 inullo
857 3363 931 3440 alio
952 3361 1040 3439 loco
1061 3358 1280 3454 obtinuerit,
1301 3384 1380 3439 non
1401 3358 1521 3439 habeo
1541 3357 1684 3452 dicete3
1709 3387 1827 3543 pruum
1847 3361 1886 3440 in
1906 3383 1978 3438 av·

582 3527 587 3537 .
705 3474 909 3543 cvsrtuo
925 3484 1066 3542 tentum
1084 3486 1166 3541 eam
1182 3460 1423 3541 offenderim:
1449 3484 1562 3559 quam
1579 3461 1630 3539 ob
1643 3486 1708 3541 cau
1739 3490 1798 3544 am
1812 3462 1910 3542 deca
1924 3459 1979 3538 lo·

695 3583 842 3663 quutus
856 3565 953 3654 sum,
967 3580 1156 3659 tamquam
1173 3566 1348 3665 peculiari
1362 3561 1520 3643 ecclesiae
1534 3561 1696 3662 Africana
1709 3559 1979 3661 consuetudine,

707 3686 758 3741 eo
780 3660 980 3760 spellante,
1005 3684 1045 3736 vt
1063 3662 1273 3740 auditorum
1295 3667 1447 3742 attentio
1483 3687 1693 3761 acueretur,
1714 3664 1980 3744 ostenderetur·

704 3782 1981 3804 “m—-

706 3827 856 3891 denarium
890 3823 1059 3901 psalmorum
1089 3833 1253 3885 nnmerum
1273 3829 1323 3887 tali
1364 3846 1387 3885 c.
1401 3829 1463 3896 XV.
1484 3828 1641 3908 completis
1659 3824 1850 3901 orationibut,
1873 3830 1982 3893 cunetis

706 3914 835 3997 corporis
849 3910 944 4014 quiete
963 3912 1095 4012 releuant,
1116 3909 1202 3973 rtbat
1213 3910 1322 3974 easdem
1364 3910 1565 3990 rqsdtntt'bttr,
1586 3918 1702 3986 mediat,
1714 3934 1797 3997 quem
1807 3928 1917 3996 petrem
1930 3933 1984 3982 vo·

703 3997 1324 4166 ἒῗξζξῗὲἶῃξδῗςιςὲιῗῗξῗίἶὶέῗηῒεοίῒ
1361 4014 1437 4171 mg,
1452 3998 1785 4171 aeglgpdslffllllgsrz’ffx
1800 4088 1884 4149 editis
1896 4087 1981 4151 aSir·

706 4175 834 4236 medium
853 4172 969 4250 pfilmos
987 4171 1149 4245 surrexerit,
1169 4172 1266 4235 cundi
1284 4171 1320 4232 se·
1363 4175 1472 4233 mondo
1485 4186 1557 4245 tom,
1569 4174 1601 4235 X.
1615 4176 1641 4247 b.
1654 4186 1711 4253 837,
1756 4173 1834 4233 Finit
1849 4175 1979 4254 precepti

709 4256 814 4321 dilibua
830 4256 994 4317 humillimis
1004 4250 1212 4341 inficientemd
1224 4276 1322 4318 rocem
1367 4259 1404 4318 etl
1425 4259 1511 4338 (lam
1530 4258 1678 4321 votdicite
1691 4274 1815 4317 metum:
1846 4263 1875 4322 Α
1891 4279 1980 4339 popu·

708 4343 848 4427 pfillentit
860 4345 939 4401 omni
948 4343 1041 4405 cordis
1051 4344 1210 4406 intentione
1221 4346 1324 4427 depen-
1364 4346 1395 4407 lo
1414 4348 1600 4408 acclamatum
1624 4343 1686 4424 tsi)
1708 4345 1821 4408 carim
1839 4346 1876 4405 de
1895 4346 1980 4406 corde
2039 4381 2045 4390 ·

707 4433 797 4500 deaut
1226 4499 1230 4504 ,
1365 4449 1446 4512 puro.
1490 4435 1602 4497 Omnes
1617 4429 1742 4501 dixislit,
1764 4430 1844 4512 quod
1858 4449 1919 4493 aon
1938 4434 1982 4492 in·

749 4516 780 4603 t)
799 4515 919 4588 illuto.
932 4511 1009 4603 ‘piss-
1025 4515 1114 4588 XXII.
1130 4517 1176 4610 td
1191 4515 1323 4612 Eulioclt,
1364 4515 1506 4613 matese
1524 4518 1633 4605 semper
1645 4516 1768 4587 audistin

1736 4658 1740 4665 ’
1781 4669 1786 4676 ·
1893 4620 1981 4708 quet
