4734 5442
618 510 660 556 DE
675 508 824 556 rutctrvs
841 509 881 556 IN
898 508 1092 557 ortanum
1107 510 1149 556 ΕΤ
1164 504 1441 558 consectamur
1465 511 1553 562 ritui
1565 508 1704 570 soiirtt.
1755 516 1822 594 303

545 601 714 620 ...ι-

539 641 649 731 titur‚
676 637 749 716 hoc
764 641 1041 739 vnumaliquod
1066 643 1136 738 eli,
1160 641 1264 740 quod
1292 643 1353 738 liic
1380 666 1460 718 non
1485 644 1646 744 passurus
1668 647 1711 724 srt
1736 673 1819 732 eam

538 762 705 818 carceres
724 742 870 841 ingredi
886 741 932 818 ad
947 742 1135 821 osculanda
1149 766 1357 845 martyrum
1378 747 1539 838 vincula,
1565 749 1624 825 vel
1638 749 1710 825 alio
1724 775 1818 847 quo·

537 863 697 938 cumque
714 862 887 940 tempore
911 842 1074 920 osculum
1099 847 1200 941 pacis
1219 846 1322 920 alicui
1345 841 1499 922 fratrum
1517 845 1615 926 dare.
1688 849 1816 948 Atque

534 939 609 1018 hoc
629 939 750 1040 ipsum
770 944 865 1022 clare
890 942 1072 1021 indicatur
1093 970 1114 1021 a
1134 943 1276 1023 vetusto
1291 944 1470 1046 scriptore
1486 950 1626 1049 pollionis
1643 954 1818 1022 Felicitatis
1915 969 1919 984 ¹

535 1043 574 1120 dt
592 1047 772 1141 Perpetua,
790 1045 885 1126 'circa
902 1066 1048 1122 aetatem
1078 1069 1130 1119 re
1143 1067 1410 1128 urvttraun
1434 1046 1585 1145 quando
1607 1054 1811 1141 felicitatem,

537 1148 730 1244 Perpetuam
752 1169 794 1222 ac
817 1148 971 1222 Sataaram
994 1165 1078 1222 ante
1100 1144 1281 1242 osculatos
1309 1146 1349 1245 c)
1373 1148 1531 1228 inuicem
1558 1148 1595 1228 se
1615 1149 1687 1228 elle
1716 1150 1815 1245 dicit,

490 1291 493 1298 ·
536 1269 650 1346 quatn
663 1244 883 1344 supplicium
899 1271 971 1346 pro
988 1251 1177 1324 CHRISTO
1190 1244 1367 1336 subirent,
1383 1268 1423 1322 vt
1437 1251 1656 1351 martyrium
1673 1276 1745 1367 per
1760 1250 1815 1328 so·

535 1345 671 1426 lemnia
682 1347 782 1447 pacis
804 1347 1120 1426 consummarent:
1196 1345 1389 1426 Adludenr
1406 1345 1454 1423 ad
1473 1348 1568 1428 hunc
1589 1351 1816 1430 consuetudi·
1909 1403 1912 1410 -

534 1471 623 1525 nem
639 1445 750 1526 dandi
765 1447 866 1548 pacis
891 1445 1054 1525 osculum
1072 1446 1146 1524 stne
1170 1446 1275 1524 sexus
1297 1446 1524 1541 discrimine,
1544 1449 1683 1528 tametsr
1712 1453 1815 1531 aliter

534 1547 574 1624 id
593 1545 698 1624 fieret
722 1549 759 1624 in
774 1547 929 1626 ‘ecclesia
950 1555 1066 1622 araca.
1128 1548 1211 1623 Alia
1232 1545 1352 1625 adhuc
1374 1571 1434 1625 res
1459 1548 1528 1646 est,
1542 1572 1625 1644 quae
1647 1575 1694 1628 ex
1716 1577 1814 1629 rru-

534 1672 773 1726 rvrurruo.
795 1646 983 1727 obseruari
1000 1667 1190 1740 meretur,
1218 1648 1320 1745 quod
1352 1649 1517 1725 nonnulli
1546 1649 1606 1727 die
1629 1652 1754 1728 ieiunii
1773 1676 1814 1728 o·

535 1747 671 1826 sculum
692 1753 790 1850 pacis
804 1747 892 1828 dare
906 1747 1121 1840 dubitarint,
1145 1749 1313 1849 quamuis
1333 1751 1505 1849 priuatim
1525 1773 1667 1830 tautum
1688 1776 1760 1870 pro
1777 1750 1815 1831 se

535 1849 758 1936 ieiunareutz
783 1873 881 1949 quos
901 1851 961 1925 ille
983 1848 1242 1948 reprehendit.
1269 1849 1414 1942 dicens,
1437 1851 1598 1940 osculum
1618 1875 1720 1954 pactu
1741 1849 1814 1930 else

535 1950 715 2030 orationis
730 1949 964 2051 signaculum·
1039 1954 1113 2024 Alia
1130 1959 1197 2023 a'am
1213 1946 1397 2049 confitetudo
1413 1951 1476 2049 d),
1499 1953 1635 2047 inquit,
1661 1957 1814 2044 irmalm't,

533 2062 713 2127 ieiaaraarrtes
726 2050 833 2125 habita
850 2059 992 2123 oratione
1010 2078 1081 2122 tum
1089 2048 1257 2146 fratribus
1262 2049 1459 2148 saaltrahunt
1477 2050 1612 2149 osculum
1621 2051 1815 2154 paais‚qreod

534 2157 769 2256 essfignaaulum
780 2160 944 2225 orationis.
994 2152 1131 2247 Qaado
1147 2170 1254 2223 autem
1273 2150 1829 2247 magisconferendarumjratribaes.

529 2280 598 2361 pax
612 2259 670 2353 est,
696 2257 755 2357 na'fi
764 2280 838 2325 aum
854 2260 995 2325 aratione
1012 2250 1288 2324 commendabilior
1310 2250 1490 2349 adscendit,
1514 2273 1552 2324 ot
1574 2256 1633 2349 ipſs
1650 2251 1689 2324 de
1712 2255 1813 2353 noslra

533 2366 711 2464 operatione
716 2364 921 2458 participent,
932 2378 1030 2454 qaam
1042 2353 1198 2426 auderent
1211 2348 1314 2450 desua
1325 2351 1713 2454 pacesrotritraassger'ei
1729 2359 1812 2450 Qa

535 2469 722 2534 oratiorum
736 2452 991 2554 diuortiosanlli
1013 2454 1107 2556 osculi
1123 2460 1273 2556 integra?
1297 2457 1405 2552 Qam
1422 2459 1557 2528 Domina
1576 2457 1715 2552 efficium·
1724 2454 1813 2551 saci·

534 2581 639 2636 mitam
654 2557 789 2661 impedit
805 2563 892 2659 pax?
920 2559 1024 2654 ¹Quale
1033 2554 1237 2658 sacrificium
1252 2557 1311 2654 est,
1335 2583 1356 2628 a
1395 2583 1435 2630 ao
1448 2558 1515 2654 fine
1533 2578 1609 2659 paca
1626 2556 1814 2630 receditur?

533 2668 752 2761 ,Quacumque
767 2660 913 2755 milaſsi,
927 2685 989 2732 non
1003 2668 1181 2761 eritpota'or
1188 2667 1339 2758 pracepta'
1352 2581 1580 2755 alseraaasione,
1595 2683 1656 2758 quo
1666 2656 1812 2732 iubemur

532 2772 654 2840 ieiunia
670 2765 771 2861 nostra
784 2763 895 2834 celare.
969 2764 1139 2831 lameaim
1159 2757 1395 2856 deabslr'neatia
1413 2755 1507 2856 osculi
1517 2755 1715 2855 agnoscimur
1732 2768 1814 2831 iciu-
1944 2816 1951 2827 .

532 2887 654 2942 nantes.
705 2863 769 2940 Sed
776 2857 814 2942 es
813 2864 844 2959 st
852 2887 917 2961 qua
924 2869 1009 2933 ratio
1019 2863 1070 2958 est,
1086 2886 1124 2932 aa
1137 2879 1245 2932 tamen
1258 2861 1331 2930 baie
1338 2877 1556 2955 praceptortu
1563 2861 1618 2955 fis,
1624 2858 1813 2956 potaedoma'

527 2967 639 3068 sorte,
654 2975 741 3039 irater
753 2991 831 3065 quas
844 2966 942 3036 latere
950 2968 1107 3034 ieiarra'um
1115 2970 1151 3033 in
1164 2980 1267 3033 totum
1280 2985 1342 3032 non
1355 2959 1467 3048 datur,
1480 2958 1612 3055 differre
1624 2984 1743 3058 pacem.
1775 2964 1816 3036 V·

534 3069 700 3166 bannique
711 3087 819 3140 autem
833 3062 910 3136 aiibi
925 3090 941 3135 o
961 3072 1135 3137 arationem
1144 3058 1425 3160 taantabsrondere
1437 3079 1535 3158 potes,
1548 3058 1638 3133 debes
1651 3057 1814 3158 meminis·

528 3169 566 3272 se
585 3177 760 3270 praecepti:¹
796 3174 846 3238 ita
869 3085 1090 3268 &asstiplinae
1103 3157 1245 3259 soris&
1267 3159 1487 3336 corsaetudini
1499 3160 1602 3233 0domt'
1618 3158 1815 3259 firtiasacies.

536 3288 908 3358 ruurvrurauvs,
933 3268 987 3339 vti
1011 3263 1198 3355 videmus,
1217 3261 1292 3339 hoc
1334 3285 1354 3336 e
1379 3262 1532 3361 priuatis
1549 3259 1637 3336 dicit
1659 3261 1816 3353 ieiuniis,

535 3396 619 3473 quae
634 3392 711 3446 non
733 3387 835 3465 putat
856 3362 1010 3440 caulium
1030 3363 1204 3440 idoneam
1228 3360 1299 3438 elle
1320 3358 1550 3462 hominibut,
1568 3359 1814 3455 quamobrem

535 3472 657 3553 oscula
680 3469 780 3569 pacis
804 3464 949 3569 publice
972 3464 1060 3539 dare
1085 3461 1301 3540 detreiieut.
1374 3461 1473 3538 Cum
1497 3459 1650 3559 publicis
1671 3462 1814 3565 ieiuniis

536 3577 639 3653 aliter
657 3589 916 3670 comparatum
935 3586 1022 3647 erat.
1072 3565 1175 3639 Nam
1198 3587 1266 3662 per
1283 3563 1385 3662 leges
1411 3560 1568 3639 ecclesiae
1591 3561 1813 3643 solemnibus

536 3675 655 3754 ieiunii
670 3671 798 3749 diebus
812 3669 893 3744 haec
908 3667 1118 3742 caerimonia
1133 3660 1489 3763 praetermittebatur.
1540 3662 1814 3766 Exemplicaus·

535 3776 571 3854 sa
586 3774 645 3854 die
660 3771 829 3889 pollionis
845 3769 1054 3845 dominicae.
1106 3769 1208 3843 Nam
1221 3788 1566 3841 raurvttrruvs
1586 3767 1711 3843 verbis
1724 3790 1812 3865 pro·

536 3881 635 3957 xime
655 3870 952 3973 subsequentibus
968 3867 1069 3947 addit
1083 3871 1136 3969 e):
1162 3863 1350 3971 Diepasclra
1367 3871 1589 3966 (perquem
1611 3867 1670 3941 hic
1690 3867 1811 3943 secun·

1142 4065 1812 4106 ——-·---·-··-·--·0

579 4192 615 4270 c)
637 4183 724 4252 ratfio
739 4171 884 4266 perpetue
897 4188 933 4246 ad
948 4190 1053 4249 calcem
1071 4183 1150 4255 lad,
1189 4143 1326 4243 ¹solemnia
1348 4182 1424 4260 pacis
1451 4178 1685 4242 consummarent.

535 4281 573 4343 de
591 4288 675 4335 mort.
705 4273 833 4350 persecut.
852 4293 881 4352 p.
895 4293 934 4354 35.
998 4272 1151 4336 Anteiam
1235 4268 1271 4344 tl)
1298 4267 1420 4340 Tenuit.
1435 4269 1557 4338 deerat.
1572 4286 1597 4334 e.
1614 4269 1697 4340 XIV,

535 4363 652 4434 esculan
676 4358 817 4435 inuicem,
839 4369 871 4427 rt
909 4359 1076 4444 martyrium
1101 4375 1152 4441 pet
1235 4354 1271 4440 e)
1290 4349 1366 4418 ibid.

1718 4425 1819 4567 aaa.
