4734 5442
381 595 798 686 nzoennrcouuvurom
811 603 1570 699 ernnrrurbt.rrucrrrut.rurecrmurrq.
1594 617 1653 696 591

381 765 470 841 chiis
492 761 668 832 ruralibus
691 779 750 832 res
772 763 890 856 magis
906 755 1131 854 deploranda
1153 763 1219 856 ell,
1242 763 1303 835 vbi
1333 760 1539 859 desperatio
1568 758 1643 834 iuc-

379 861 490 940 celsus
510 856 734 935 ministrosa
756 855 873 932 studio
893 857 1112 935 restaurandi
1134 857 1235 934 istam
1255 858 1554 937 consuetudinem
1582 858 1644 938 dc·
1696 945 1699 950 ,

377 981 500 1039 terret.
574 957 672 1032 Heic
703 960 802 1032 enim
828 957 1000 1033 homines
1026 959 1070 1033 ab
1096 959 1350 1036 hebdomadali
1376 963 1642 1038 communione
1690 984 1697 996 ·

373 1080 569 1157 tantopere
594 1058 814 1150 abhorrent,
845 1078 887 1133 vt
909 1057 1017 1134 nullis
1046 1062 1279 1156 quantumuis
1310 1060 1410 1137 seriis
1439 1060 1642 1137 cohortati·
1759 1132 1770 1148 ,,

376 1160 512 1240 onibus
534 1184 581 1236 eo
598 1159 729 1233 adduci
742 1156 777 1234 se
794 1159 993 1257 patiantur,
1007 1179 1045 1235 vt
1062 1159 1196 1236 vlitaris
1210 1161 1366 1237 ecclesrae
1382 1162 1539 1259 regulis,
1555 1182 1640 1255 quae
1705 1217 1712 1228 .

377 1284 435 1340 ter
449 1262 644 1359 quotannis
659 1283 727 1338 eos
751 1266 1024 1335 communicare
1045 1258 1189 1349 iubent,
1212 1284 1357 1337 morem
1381 1282 1531 1362 gerant,
1555 1260 1642 1339 licet

334 1437 337 1445 ,
377 1359 451 1463 ipse
470 1358 630 1434 minister
645 1382 774 1435 eorum
794 1363 961 1435 omnium
976 1361 1144 1449 nomina,
1165 1362 1230 1456 qui
1250 1367 1551 1438 communionem
1568 1360 1659 1435 hoc‘

378 1460 497 1541 modo
523 1459 736 1558 negligunt,
761 1457 947 1557 tamquam
974 1483 1125 1536 reorum
1142 1460 1277 1556 publici
1300 1458 1451 1536 scandali
1462 1508 1482 1549 ,a
1497 1458 1644 1537 deferre
1729 1547 1733 1554 ,

378 1562 425 1640 ad
441 1558 632 1636 antistitem
649 1557 755 1632 iulius
770 1558 812 1633 stt
898 1560 1038 1635 Verum
1057 1586 1156 1659 quum
1177 1556 1390 1655 fundamenta
1407 1558 1473 1662 ipſsa
1485 1560 1638 1658 destrueia

373 1668 453 1761 fiat,
466 1660 548 1761 quid
555 1659 663 1755 suerit
678 1679 822 1759 operatus
837 1659 955 1758 iustus?
1005 1660 1239 1759 Experientia
1255 1685 1327 1738 nos
1341 1660 1542 1738 condocet,
1563 1684 1644 1746 non

378 1771 501 1843 minus
516 1786 670 1858 operam
687 1758 884 1849 danicum,
904 1757 1007 1859 quod
1021 1765 1138 1853 aiunt,
1165 1784 1229 1838 eos
1247 1759 1423 1859 perdere,
1439 1764 1501 1860 qui
1522 1759 1645 1840 socor-

381 1865 467 1942 dem
492 1888 533 1937 ac
549 1866 802 1960 negligentem
825 1863 1006 1960 populum
1029 1886 1098 1955 eo,
1122 1859 1226 1956 quod
1250 1885 1328 1939 non
1351 1882 1406 1938 ter
1420 1863 1458 1936 in
1481 1859 1645 1960 singulos

380 1987 497 2044 annos
512 1969 782 2049 communicet,
806 1961 996 2053 deferunt,
1014 1985 1125 2059 quam
1142 1964 1206 2056 qui
1221 1958 1265 2035 ad
1283 1963 1585 2038 communionem
1605 1960 1647 2037 in

377 2066 534 2164 fingulas
561 2058 810 2138 hebdomades
830 2061 1082 2138 celebrandam
1108 2086 1195 2139 eum
1218 2062 1428 2139 excitant&
1449 2061 1657 2139 cohortem

379 2187 449 2242 tur.
501 2162 574 2236 Hic
591 2164 724 2255 timor,
749 2162 786 2238 ἃ
803 2160 881 2237 baec
896 2159 1064 2239 infrastio
1081 2164 1192 2238 animi
1208 2187 1251 2240 ac
1264 2159 1448 2253 demissio,
1468 2164 1512 2238 in
1534 2183 1649 2257 quam

322 2321 327 2328 -
378 2262 534 2344 ministri
555 2262 712 2337 eccleslae
734 2262 865 2346 cadere
888 2261 1023 2348 solent,
1048 2261 1137 2339 dum
1167 2262 1338 2341 homines
1361 2263 1406 2338 ad
1432 2259 1650 2338 seruandum

379 2375 541 2465 regulas,
566 2385 625 2456 ter
644 2365 682 2437 in
704 2360 867 2462 lingulos
891 2387 1009 2441 annos
1036 2366 1310 2441 communicare
1337 2363 1401 2437 sub
1424 2361 1570 2438 censura
1590 2383 1649 2437 ec·

379 2467 565 2545 clelialllca
588 2465 863 2564 p·jaeripientes‚
885 2461 1067 2541 adducere
1081 2463 1314 2555 adlaborant,
1337 2462 1441 2558 facit,
1460 2485 1501 2538 vt
1520 2461 1649 2559 despe-

379 2590 463 2647 rent
489 2563 570 2643 fieri
593 2561 713 2664 pede,
735 2584 781 2637 vt
798 2564 844 2639 ad
865 2562 1014 2641 verullae
1037 2589 1197 2663 praxeos
1212 2564 1478 2665 perfeelionem
1492 2563 1652 2660 propius

379 2672 572 2747 accedant:
596 2664 774 2762 liquidem
787 2686 873 2753 eos,
899 2667 1071 2762 aquibus
1090 2669 1292 2764 impetrare
1313 2690 1390 2741 non
1414 2661 1581 2762 possunt,
1605 2682 1648 2740 vt

381 2767 555 2870 praesenti
582 2764 781 2860 dil'ctplinoe
796 2763 1092 2838 communicandi
1106 2783 1161 2837 ter
1174 2767 1371 2861 quotannis
1389 2785 1564 2856 pareunt,·
1576 2759 1642 2835 ob·

379 2870 584 2947 stinariores
602 2860 819 2951 eduinum,
836 2885 946 2959 quam
963 2885 1003 2935 vr
1019 2861 1101 2938 vllis
1116 2864 1174 2938 vel
1191 2867 1348 2936 maxime
1368 2860 1465 2937 seriis
1481 2860 1658 2940 admoui·'

379 2968 542 3050 tionibus
572 2965 619 3052 ad
644 2961 951 3041 hebdomadalem
977 2961 1075 3040 flesti
1098 2960 1135 3041 se
1166 2962 1299 3064 paliuri
1322 2960 1399 3047 lint
1417 2962 1650 3054 communiog

322 3149 324 3154 ,
381 3097 479 3150 nem·

933 3166 968 3267 q.
993 3165 1092 3244 vul.

384 3269 470 3377 Qu
483 3274 525 3347 in
541 3293 581 3343 re
593 3263 655 3343 illa
672 3263 741 3343 buc
754 3260 865 3372 osque
882 3270 923 3344 da
951 3276 1054 3349 ciat.-
1087 3268 1141 3345 Et
1156 3269 1251 3376 quid
1259 3289 1385 3345 tamen
1398 3266 1485 3368 fieri
1494 3266 1540 3345 89³
1548 3285 1649 3372 opor·

472 3404 553 3461 tere
574 3378 618 3456 ΕΤ
638 3399 725 3481 opus
741 3376 806 3482 effe
827 3380 1024 3479 videatur,
1051 3401 1096 3456 ot
1118 3383 1320 3457 communio
1342 3381 1396 3457 ad
1397 3374 1563 3482 priscum

796 3494 999 3591 exemplum
1022 3491 1235 3570 reducatur,

490 3599 731 3701 Qroouau
755 3594 883 3673 efficax
903 3595 1109 3677 remedium
1136 3598 1221 3673 huic
1242 3600 1446 3677 inueteruto
1468 3597 1566 3676 malo
1590 3597 1652 3677 ad·
1775 3671 1779 3683 .

381 3701 501 3786 hiberi
527 3698 655 3799 pellit,
678 3723 758 3774 non
781 3698 874 3775 adeo
896 3697 1001 3776 focile
1027 3696 1078 3777 est
1105 3698 1237 3778 dicere.
1295 3701 1384 3776 'Sed
1403 3722 1524 3778 tamen
1552 3725 1653 3777 recu·

382 3805 526 3909 petatio
551 3805 628 3876 eius
653 3803 725 3890 rei,
762 3820 845 3891 quae
870 3800 1003 3901 ingens
1029 3798 1098 3877 fuit
1120 3803 1323 3900 primitiuae-
1349 3800 1505 3878 ecclefiae
1529 3807 1651 3900 gloria

381 3925 635 4008 magnumque
663 3898 861 3975 christianae
887 3896 1107 3978 innocentie
1126 3924 1170 3977 ac
1228 3902 1344 3980 ieratis
1374 3901 1650 3998 adminiculum,
1717 3947 1720 3952 ·
1823 3934 1827 3941 ·

381 4001 613 4109 (cuiusmodi
649 3999 919 4079 hebdomadalia
948 4004 1166 4080 communio
1192 3926 1261 4079 dit
1286 3999 1502 4078 certiliimel
1534 4000 1649 4103 digna
1713 4005 1720 4015 “

382 4110 541 4187 omnino
556 4100 671 4200 videri
690 4099 818 4195 debet,
844 4101 891 4177 de
941 4126 988 4180 ua
1006 4102 1056 4178 ilii
1077 4119 1160 4203 toto
1173 4104 1298 4178 animo
1318 4105 1483 4204 cogitent
1500 4127 1541 4179 ac
1563 4127 1649 4179 con·
1763 4121 1766 4126 ’

380 4207 529 4298 sulrenr,
554 4203 685 4300 quibus
711 4203 810 4279 Deus
831 4204 895 4278 carl
946 4205 957 4277 i
979 4199 1138 4301 quedam
1158 4203 1196 4279 vi
1221 4203 1439 4303 potestatem·
1460 4197 1652 4280 austerita-

380 4329 531 4403 temque
547 4302 764 4381 emendandi
779 4301 906 4377 nbusus
927 4305 1139 4404 impertitur,
1160 4301 1186 4379 fi
1202 4305 1239 4379 id
1253 4326 1334 4383 tuto
1350 4305 1498 4403 quidem
1513 4303 1651 4378 adoedi·

382 4408 614 4521 ficruonetu,
635 4403 714 4487 uoti
732 4401 1106 4507 addcstruiiloncm,
1132 4404 1269 4511 pollini
1292 4406 1424 4490 facere.
1476 4402 1649 4609 Qiogglg
