4734 5442
617 385 632 437 'i

668 597 736 660 120
902 591 1080 648 onmium
1106 553 1437 640 rccirsnsrrcinvsr
1462 585 1606 636 unare.
1626 587 1697 636 ose.
1719 586 1765 637 tv.

670 687 1341 721 .......--—--———--—

706 844 771 924 An
786 842 879 922 laici
896 832 1142 915 concionandi
1163 729 1312 909 nemim
1335 856 1498 936 unquam
1523 823 1722 906 habuerint
1738 834 1778 906 in
1795 853 1922 910 vetere

882 1002 896 1011 ..
1235 944 1388 1021 ecclen.

792 1057 910 1135 Arri
933 1075 1056 1131 tutem
1071 1048 1222 1150 questio
1236 940 1362 1140 naurs,
1377 1071 1472 1146 quae,
1483 1043 1649 1147 respeuu
1666 1043 1793 1123 habito
1801 1045 1849 1123 ad
1858 1071 1956 1127 vete·

677 1179 759 1241 rem
776 1156 982 1249 ecclesium,
1003 1153 1177 1228 hocloco
1192 1147 1365 1230 soluenda
1382 1145 1444 1242 est,
1467 1149 1662 1222 nimirum:
1685 1147 1792 1224 Num
1813 1148 1894 1224 laici
1910 1174 1956 1226 ex

676 1261 892 1342 oustoritne
926 1252 1072 1355 publica
1104 1252 1252 1328 veniam
1282 1248 1474 1325 habuerint
1508 1245 1664 1323 faciendi
1692 1246 1883 1326 sermones
1907 1250 1954 1327 ed

679 1360 876 1466 populum.
943 1353 1043 1431 Hoc*
1052 1375 1118 1429 eos
1136 1350 1309 1454 priuatim
1325 1368 1513 1444 tamquam
1536 1345 1743 1425 catechistas
1757 1350 1794 1422 in
1818 1348 1954 1429 scholis

679 1458 910 1539 catecheticis
932 1453 1134 1532 Alexandria
1158 1452 1309 1548 aliisque
1332 1449 1370 1522 in
1390 1448 1483 1524 locis
1509 1443 1648 1539 sectile,
1677 1471 1755 1525 non
1778 1445 1829 1525 est
1851 1443 1956 1527 diubi-

677 1585 755 1641 um.
831 1559 934 1636 Nom
962 1575 1190 1631 onronuns
1217 1548 1486 1627 catechumenis
1507 1544 1731 1625 instituendis
1752 1552 1955 1625 Alexandria

680 1657 879 1765 praefeiius
896 1655 947 1735 est
967 1661 1168 1732 anemurio
1182 1671 1279 1738 onte,
1296 1673 1407 1747 quam
1425 1648 1463 1723 in
1483 1645 1657 1726 ordinem
1675 1653 1718 1742 x)
1734 1650 1955 1730 clericorum
1974 1708 1978 1716 -

680 1762 770 1842 'eliet
787 1779 968 1859 receptus.
1041 1755 1097 1850 Et,
1116 1771 1418 1842 urrunnunvs
1439 1748 1484 1844 l)
1511 1750 1650 1825 multos
1672 1749 1833 1830 celebres
1847 1752 1953 1830 viros

679 1863 795 1963 longa
816 1859 881 1935 fibi
906 1857 998 1935 serie
1018 1857 1056 1931 in
1081 1852 1145 1930 iste
1166 1849 1286 1930 schola
1309 1846 1501 1927 lucceffille
1520 1849 1587 1934 nit,
1619 1851 1683 1948 qui
1705 1848 1792 1928 ideo
1813 1851 1956 1927 doliores

679 1955 862 2060 ¹e'cclefiaslin·
883 1957 1054 2059 appellati
1067 1954 1146 2031 lint.
1213 1952 1354 2029 Verum
1375 1950 1454 2026 haec
1473 1948 1695 2026 res'diuersa
1710 1970 1788 2028 eret
1806 1955 1957 2054 opubli·

680 2089 723 2156 ra
746 2061 852 2138 verbi
881 2055 1145 2161 predicatione
1167 2054 1206 2127 in
1226 2049 1383 2130 ecclesio.
1459 2049 1745 2148 Nonnunquam
1770 2055 1958 2153 monachi,

682 2163 749 2264 qui
774 2179 916 2238 tuntum
942 2175 1046 2234 erent
1068 2153 1168 2246 laici,
1199 2151 1346 2251 publice
1374 2151 1412 2224 in
1438 2147 1585 2226 ecelesia
1611 2153 1825 2229 concionari
1848 2155 1958 2233 oude-

679 2264 796 2344 bant:
843 2259 988 2335 Verum
1021 2254 1095 2331 hoc
1123 2250 1401 2351 improbabatur
1425 2247 1464 2327 d<
1497 2248 1735 2350 puniebatur,
1767 2273 1955 2352 tamquam

680 2361 883 2442 unitionis
904 2356 951 2434 od
973 2377 1039 2433 eos
1053 2375 1131 2428 non
1151 2350 1348 2450 spediuntis
1365 2348 1563 2451 usurpatio.
1616 2347 1762 2430 Omnes
1781 2356 1957 2433 monachi
2011 2443 2014 2449 ¹

683 2464 797 2551 olim,
811 2478 852 2535 vt
867 2453 1042 2534 monachi
1063 2450 1180 2527 solum
1196 2450 1469 2552 speiiati‚‚non
1482 2448 1547 2528 ullu
1561 2449 1642 2529 laici
1656 2470 1770 2548 erent,
1781 2457 1964 2556 quemad·-

682 2560 840 2641 modum
868 2557 950 2633 olibi
973 2556 1018 2653 ¹¹)
1050 2549 1132 2629 suls
1156 2553 1355 2653 probatum
1384 2551 1579 2631 dedimus:
1638 2551 1844 2653 Adeoque,
1867 2575 1955 2636 tam·

684 2685 799 2762 quem
830 2655 1004 2737 monachi
1034 2652 1138 2731 nullo
1171 2653 1251 2731 iure
1282 2653 1328 2730 od
1360 2653 1472 2730 vllam
1497 2648 1739 2731 ecclefiostiooe
1762 2652 1959 2744 ‚funiiionit

683 2782 829 2868 partem
849 2756 1066 2861 gaudebant.
1130 2751 1327 2853 Speciuim
1348 2775 1657 2836 nirnousnvs,
1670 2763 1705 2846 ²)
1730 2758 1958 2838 monachum

683 2890 763 2944 non
785 2854 1049 2951 docentis‚'sed
1067 2855 1276 2955 plangentis
1289 2853 1452 2933 officium
1471 2853 1606 2932 hebere
1625 2855 1692 2953 ait,
1706 2853 1745 2933 ἃ
1759 2856 1863 2937 ellim
1877 2883 1957 2938 mo·

684 2964 892 3042 nechorum
913 2957 983 3037 elle
1003 2954 1177 3047 caullam,
1204 2957 1310 3033 aliem
1335 2957 1570 3034 clericorum:
1594 2955 1751 3036 clericos
1777 2955 1816 3056 †)
1837 2959 1956 3060 pulce-

683 3088 726 3143 re
750 3083 861 3157 oues,
884 3058 1090 3136 monachos
1106 3080 1227 3134 autem
1253 3055 1360 3159 pasci.
1412 3056 1514 3133 Hinc
1535 3078 1650 3154 quum
1666 3055 1815 3157 quidem
1830 3083 1955 3137 mono·

682 3163 745 3244 chi
771 3164 811 3239 in
841 3159 1079 3238 orientalibus
1101 3157 1266 3255 partibus
1295 3159 1390 3232 circa
1420 3159 1622 3231 Antiochiam
1630 3167 1645 3247 ,'
1662 3159 1879 3260 cognitione
1897 3161 1958 3239 sua

680 3290 725 3344 oc
745 3263 877 3342 ceteris
907 3260 1019 3338 animi
1038 3256 1188 3337 dotibus
1212 3255 1460 3355 confidentes,
1482 3257 1629 3360 publice
1645 3257 1684 3334 in
1699 3257 1857 3340 eccleliis
1877 3285 1959 3342 ver·

679 3536 768 3597 tiores
786 3553 802 3593 e
822 3536 957 3596 Romanae·
969 3535 1089 3598 ecclrslae
1105 3531 1302 3597 communica!
1338 3536 1431 3620 neuim
1443 3537 1622 3599 iciurnaeto‘u.
1644 3536 1766 3598 Annum
1779 3540 1875 3599 atatis
1887 3540 1958 3601 oila-

679 3615 787 3680 toribns
803 3618 942 3693 presules,
964 3617 1115 3696 paucilliml
1133 3639 1201 3680 vero
1226 3638 1299 3696 pree·
1339 3641 1413 3683 vum
1425 3624 1566 3681 decimum
1577 3621 1768 3700 agelastum,
1780 3637 1957 3698 quumcate·

680 3701 774 3784 byteri
800 3701 920 3760 docendi
954 3700 1050 3760 labore
1085 3699 1297 3783 defunguntur:
1341 3703 1486 3764 rbumenis
1499 3695 1893 3787 instituendispraefeilusest.

681 3789 757 3852 inter
782 3782 896 3845 urbicos
925 3785 1072 3861 pontiliots
1100 3786 1148 3844 vix
1171 3803 1244 3846 nnus
1263 3781 1300 3842 ab
1383 3783 1421 3867 y)
1432 3786 1598 3847 Hieron'de
1610 3785 1735 3866 scriptor.
1749 3806 1773 3856 c,
1786 3787 1913 3856 XXXVl.
1923 3791 1955 3871 †.

680 3893 758 3936 anno
785 3871 896 3932 domini
919 3871 963 3937 M.
982 3869 1130 3949 aliquoties
1152 3866 1198 3948 (fi
1216 3868 1300 3929 Surio
1384 3875 1414 3954 ⁴⁹)
1425 3869 1487 3939 Lib.
1497 3872 1959 3953 vinuli.§.V1Lv01.111.p.20,

680 3968 866 4021 commentat.
887 3973 940 4015 rer.
948 3956 978 4013 in
986 3953 1055 4014 orbe
1064 3953 1161 4036 gelln.
1172 3952 1298 4036 fingnla·
1380 3959 1415 4037 z)
1437 3959 1556 4019 Hieron.
1568 3955 1645 4037 epist,
1657 3957 1720 4018 LV.
1741 3957 1778 4017 td
1799 3959 1954 4035 Riparium.

680 4047 706 4105 ri
729 4039 791 4105 testi
812 4040 901 4120 fidet)
922 4042 1105 4102 concionatos
1121 4042 1187 4101 Piur
1198 4045 1232 4100 V.
1240 4038 1298 4100 ob·
1338 4041 1499 4105 Monachus
1514 4061 1575 4103 non
1593 4042 1737 4114 docentis,
1758 4039 1804 4105 sed
1822 4046 1957 4132 plangen-

678 4128 875 4208 llupelorntem
894 4127 1024 4190 miraculi
1043 4127 1168 4187 nouitate
1175 4127 1297 4188 Romam
1337 4129 1374 4190 tir
1386 4125 1469 4190 habet
1481 4129 1615 4190 officium.

681 4218 811 4293 perculit.
1382 4213 1796 4296 †)1d.epiu.tadl1eliodor.
1819 4216 1956 4280 Allamo·

669 4295 682 4309 “
721 4299 757 4377 x)
778 4295 1116 4367 Enseb.1ib.v1.c.111.
1133 4285 1298 4366 ἕπεθ’ἧγυ
1338 4302 1494 4362 nachorum
1518 4299 1557 4359 est
1577 4297 1684 4372 cauffo,
1700 4303 1755 4362 alit
1777 4303 1956 4367 clericorum:

680 4377 1013 4463 israutiimnmi'i
1023 4386 1064 4449 τῦ
1070 4376 1297 4458 risunxirtur
1338 4385 1442 4454 Clerici
1453 4382 1573 4471 pascunt
1588 4403 1674 4467 oute,
1684 4406 1738 4475 rgo
1751 4387 1858 4475 paloor.

1863 4569 1955 4653 bum
