4734 5442
741 564 918 622 oatoiuvu
942 549 1270 629 acciatiasrteauru
1296 556 1358 608 aia.
1382 553 1448 606 riv.
1475 550 1544 606 cit.
1561 553 1610 608 iv.

534 657 1832 699 .........----—--·-———-------

538 707 705 802 srt'uvs
726 721 859 796 ultimo
875 717 960 795 loco
977 714 1016 815 b)
1042 710 1142 791 telle
1157 708 1346 801 obseruat,
1395 709 1559 805 ‚‚Habet‚
1584 730 1624 784 vt
1650 708 1826 786 obedien·

540 842 619 916 aiter
641 822 823 914 audiatur,
853 827 1072 917 quantacum
1102 837 1146 889 ue
1169 808 1376 913 granditate
1398 808 1571 888 dictionis
1596 811 1713 888 maius
1730 833 1827 910 pon·

505 981 508 988 »
540 926 631 1016 ,ulus
646 926 721 1001 vita
736 913 910 998 dicentis:
937 915 1040 993 Nam
1055 836 1120 1011 qbi
1140 910 1320 1089 largienter
1343 911 1382 1005 ὃς
1404 911 1624 1009 eloquenter
1643 908 1752 1005 dicit,
1777 911 1831 989 vi·

541 1027 751 1116 „vitantem
773 1021 958 1119 nequiter,
976 1014 1097 1094 erudit
1112 1005 1177 1113 qai
1205 1033 1265 1112 em
1280 1012 1419 1092 multos
1434 1009 1635 1104 studiosos,
1661 1014 1829 1112 quamuis

543 1129 698 1218 „animae
713 1122 783 1198 suae
799 1121 840 1197 sit
860 1118 1014 1206 inutilis,
1037 1114 1126 1194 ficut
1145 1105 1319 1213 scriptum
1335 1111 1403 1189 est:
1431 1101 1545 1189 Scriba
1564 1107 1604 1191 ὕ
1622 1113 1775 1213 Pharifio'
1792 1124 1829 1187 in

545 1225 720 1320 „cathedra
733 1217 1028 1321 Moyfisscderunt,
1050 1241 1118 1315 qoae
1131 1214 1265 1309 dicum,
1279 1212 1403 1310 facite,
1417 1239 1486 1314 que
1501 1235 1609 1287 autem
1616 1214 1766 1311 saciant,
1772 1215 1828 1314 sa·

469 1414 472 1419 ,
546 1357 637 1420 „cere
652 1329 764 1400 nolito:
789 1322 998 1395 diciturenim
1013 1314 1052 1397 t5
1062 1314 1272 1411 nonsact‘unt,
1287 1337 1416 1392 cetera.
1466 1315 1596 1392 Multis
1611 1319 1734 1417 itaque
1747 1342 1833 1418 pro·

547 1428 651 1521 „sunt
669 1423 850 1514 dicendo,
876 1446 958 1521 quae
983 1444 1061 1495 non
1085 1417 1239 1491 faciunt:
1271 1413 1333 1491 sed
1356 1417 1471 1518 longe
1493 1416 1660 1517 pluribus
1681 1418 1832 1519 prodes·

548 1528 649 1624 „sent
665 1523 852 1621 faciendo,
876 1546 959 1622 quae
975 1518 1110 1597 dicunt.
1161 1514 1362 1593 Abundant
1377 1522 1498 1609 enim,
1525 1519 1589 1615 qui
1618 1520 1724 1595 malae
1749 1523 1834 1599 vitae

549 1630 642 1725 „suae
660 1624 911 1703 defensionem
926 1645 972 1699 ex
983 1616 1360 1795 ifstssuispraeposttis
1375 1618 1412 1695 &
1425 1616 1832 1718 dodoribusquaerunt,

498 1815 501 1821 ,
549 1727 838 1830 „respondentes
855 1720 972 1799 corde
1004 1744 1075 1811 uo,
1098 1720 1304 1809 autetiam,
1326 1716 1499 1797 fiadhoc
1523 1741 1740 1818 erumpunt,
1766 1748 1835 1803 ore

549 1832 637 1928 „suo
646 1888 657 1927 ,
677 1850 786 1926 atque
803 1824 982 1911 dicentes,
1007 1819 1107 1919 Qod
1120 1820 1379 1993 mihi‘sraecipis,
1403 1848 1462 1894 cur
1477 1819 1541 1918 ipft
1552 1820 1739 1917 nonsatis?
1780 1828 1833 1902 lta

551 1931 638 2028 ‚‚lit‚
663 1950 703 2003 vt
721 1952 806 2004 eunt
818 1949 895 2003 non
916 1922 1131 2000 obedienter
1150 1945 1194 1996 ou
1224 1923 1318 2013 iant,
1341 1922 1406 2016 qui
1422 1922 1458 2000 se
1475 1919 1549 2020 ipse
1565 1945 1643 1998 non
1655 1923 1772 2014 audit,
1797 1926 1835 2003 ἃ

552 2030 647 2128 „Dei
663 2028 839 2122 verbum,
865 2022 970 2126 quod
991 2024 1043 2100 eis
1065 2019 1304 2121 praedicatur,
1329 2018 1433 2097 simul
1456 2045 1540 2096 cum
1563 2022 1643 2122 ipso
1662 2025 1834 2123 praedica·

554 2155 662 2229 „tore
685 2146 942 2206 contemnant;
967 2124 1068 2201 cuius
1090 2144 1212 2199 autem
1234 2120 1308 2198 vita
1326 2124 1509 2222 inculpata
1529 2121 1598 2220 est,
1624 2125 1727 2201 eiusi
1755 2126 1834 2204 sum

554 2232 788 2331 „exemplum
804 2225 853 2305 ell
868 2224 1019 2328 grandis
1038 2223 1266 2322 eloquentia,
1290 2222 1329 2299 dt
1350 2221 1398 2300 est
1419 2225 1453 2300 ei
1471 2220 1569 2323 quad
1594 2228 1701 2326 copia
1715 2150 1835 2304 AEcen·

422 2331 428 2343 '
555 2332 616 2431 „di
632 2332 753 2409 forma
768 2326 917 2403 viuendi
938 2332 1019 2420 c).‚,
1069 2326 1195 2423 Atque
1217 2345 1287 2424 per
1311 2320 1650 2422 incommodos,
1672 2349 1745 2403 tam
1768 2355 1837 2431 pet

561 2431 813 2529 eloquentiam
847 2451 957 2525 quam
980 2448 1049 2525 per
1078 2425 1293 2524 exemplum
1318 2422 1422 2499 suum
1452 2443 1595 2501 veteres
1624 2447 1764 2506 tanturn
1792 2432 1837 2507 ab

560 2531 787 2613 auditoribus
800 2526 871 2604 luis
884 2529 1147 2625 lmpetrarunt‚
1170 2546 1211 2601 vt
1223 2523 1319 2626 saepe
1338 2525 1485 2625 publico
1500 2523 1623 2624 plausu
1636 2528 1680 2603 ab
1698 2529 1765 2609 illis
1781 2557 1840 2609 ex·

560 2636 780 2734 ciperentur,
795 2629 956 2730 gemitus
969 2649 1101 2705 eorum
1114 2622 1294 2717 audirent,
1310 2624 1479 2705 viderent
1493 2625 1672 2724 lacrimas,
1685 2630 1723 2707 δι
1737 2632 1845 2736 quod·

555 2734 731 2820 ‚omnium
752 2726 1044 2806 iucundilstmum
1060 2748 1152 2813 erat,
1176 2725 1301 2803 dulces
1319 2725 1454 2805 laboris
1472 2724 1526 2804 sul
1550 2725 1693 2809 fructus
1714 2735 1751 2809 in
1778 2761 1838 2813 eo·

558 2859 645 2914 tum
665 2832 873 2908 inuenitent
898 2827 1107 2907 obedientia
1131 2825 1345 2926 sinceraque
1368 2826 1636 2907 conuerfionea
1693 2832 1765 2912 Sed
1790 2834 1839 2913 de

561 2937 619 3014 his
635 2956 725 3011 mox
740 2935 864 3031 plura,
889 2930 973 3023 vbi,
998 2928 1131 3006 additis
1151 2927 1271 3006 adhuc
1285 2928 1423 3006 duabus
1446 2928 1609 3007 tribusve
1620 2928 1838 3015 obseruatio·

562 3038 670 3117 nibus
686 3033 733 3110 de
749 3030 1091 3129 concionatoribus,
1115 3027 1160 3233 εξ
1177 3028 1364 3205 αιιὶιέἰὶιζοτεε
1389 3029 1635 3111 deueniemus.

566 3242 650 3323 Non
653 3238 772 3348 fuiffe
780 3258 930 3345 partem
944 3241 1117 3344 antiquo
1128 3239 1304 3313 oratoria
1320 3260 1462 3314 mouere
1476 3236 1639 3337 adfellus
1647 3236 1843 3347 gesticula.

482 3356 484 3360 ’
832 3347 1056 3429 tionibus&
1071 3351 1183 3426 vanis
1195 3364 1320 3425 rerum
1334 3346 1572 3455 imaginibus.

574 3483 578 3487 ·
671 3465 813 3540 lurra
833 3459 914 3536 haec
933 3482 1050 3537 vnum
1067 3452 1336 3535 obseruandum
1349 3453 1442 3532 mihi
1463 3454 1511 3533 ell
1528 3480 1612 3534 cum
1629 3462 1843 3561 negatione:

567 3564 663 3639 Non
683 3562 785 3636 fuille
802 3560 972 3636 videlicet
990 3561 1177 3655 antiquam
1194 3559 1368 3634 oratoriar
1383 3579 1546 3658 partem,
1572 3559 1617 3636 ad
1632 3564 1843 3640 auditorum

569 3660 719 3738 suorum
734 3657 898 3734 adfettus
912 3657 1171 3745 concitandos,
1191 3657 1405 3757 animosque
1426 3659 1702 3757 peimouendos
1723 3684 1842 3739 exter·

569 3785 618 3864 na
633 3758 803 3860 quaedam
817 3755 939 3857 signa,
963 3753 1135 3854 filiasque
1159 3757 1333 3857 personas
1349 3759 1457 3837 &res
1475 3758 1514 3834 in
1528 3756 1756 3837 sermonibus
1771 3761 1845 3845 suls

570 3860 780 3964 producere
794 3860 831 3933 in
846 3854 1025 3942 medium,
1041 3859 1358 3955 quemadmodum
1377 3856 1491 3939 hodie
1506 3860 1546 3933 in
1568 3859 1712 3937 ecclesia
1728 3870 1847 3940 Roma·

568 3967 654 4065 aaut
669 3957 868 4055 mansell,
893 3959 1054 4035 maxime
1069 3959 1107 4035 in
1127 3961 1368 4042 concionibus
1383 3958 1432 4037 de
1449 3965 1554 4038 last
1572 3965 1758 4040 CHRlSTl
1778 3966 1845 4045 do·

613 4200 648 4278 b)
666 4189 784 4283 ¹iiugul'l.
802 4201 838 4261 de
856 4200 978 4272 doctrin.
996 4197 1140 4267 christiam
1159 4217 1186 4269 c,
1227 4193 1315 4271 sttui,
1334 4210 1367 4259 rt
1378 4197 1537 4276 nonsolom
1549 4201 1698 4275 praemium
1711 4202 1844 4270 libicom.

569 4285 688 4351 rotun.
797 4303 801 4312 “
1228 4297 1321 4361 patet,
1347 4273 1395 4344 sed
1414 4282 1499 4341 etlam
1519 4283 1642 4361 prabeat
1661 4292 1722 4350 aliis
1746 4314 1845 4354 exem.

581 4399 584 4404 ·
614 4372 648 4450 a)
667 4368 895 4447 nngufllndhld.
908 4385 933 4438 ο.
944 4372 1081 4456 mlii:
1093 4372 1125 4431 Sl
1135 4385 1184 4430 au·
1233 4364 1346 4446 plum&
1358 4363 1393 4429 fic
1406 4365 1521 4455 eiquafi
1531 4372 1614 4457 copia
1627 4373 1740 4440 dicendi
1749 4377 1841 4447 forma

573 4470 632 4546 nm
649 4451 882 4540 arborquidem
896 4455 1001 4541 potest,
1016 4459 1057 4523 itt
1072 4473 1191 4544 annuetg
1231 4451 1359 4529 sistendi.
1389 4500 1393 4506 .

1756 4557 1846 4634 mini
