4734 5442
673 598 762 647 ur
791 596 980 652 astruunra
1006 597 1148 651 rrrrrra
1173 598 1361 657 reerasrrr.
1455 587 1459 597 '
1630 606 1672 681 25

379 685 1672 731 Q

379 754 462 830 haec
484 746 682 829 artificialis
698 746 854 824 canendi
874 749 988 846 ratio,
1019 745 1152 829 debitis
1176 750 1354 831 limitibus
1377 755 1668 860 circumscripta,

378 852 560 946 obtinuit,
584 848 678 926 nihil
693 847 837 947 planius
856 846 906 922 est
922 848 961 926 dt
984 848 1230 949 exploratius,
1255 876 1367 950 quam
1391 856 1494 952 quod
1517 859 1667 960 religio·

375 953 504 1031 sotum
529 952 732 1032 homiuum
756 952 795 1025 in
824 948 972 1029 ecclelia
996 949 1146 1030 adsensu
1166 956 1378 1054 generatim
1398 955 1508 1035 fuerit
1529 983 1666 1061 appro-

376 1055 473 1135 bata.
749 1141 770 1158 „
855 1129 861 1143 „
959 1129 963 1136 .

920 1148 969 1253 s·
1004 1150 1120 1228 xvn.

376 1257 491 1358 Nulla
502 1247 808 1360 contrapsalmos
823 1282 869 1332 ar
883 1252 1052 1360 hymnos,
1068 1254 1226 1336 humano
1234 1255 1358 1360 studio
1376 1258 1595 1368 compofiros,
1616 1285 1663 1345 vt

808 1368 926 1465 tales,
945 1367 1058 1468 fassa
1077 1366 1236 1446 obsessio.

484 1477 652 1575 Nsovn
677 1476 751 1552 vlla
766 1479 945 1573 umquam
969 1474 1132 1554 obiedlio
1154 1497 1286 1554 contra
1300 1478 1549 1580 psalmodiam
1567 1480 1663 1563 fadla

379 1579 432 1658 est
447 1577 625 1670 ecclesiae,
645 1576 902 1677 quod'praeter
916 1573 1075 1675 psalmos
1093 1600 1135 1652 ac
1149 1576 1560 1679 hymnossacrorumac
1574 1583 1664 1661 diui·

375 1683 475 1770 nitus
497 1677 761 1780 inspiratorum
779 1674 1119 1776 austerum'psalmi
1135 1703 1289 1778 quoque
1309 1705 1351 1757 ac
1369 1680 1519 1780 hymni,
1536 1683 1663 1763 huma·

374 1806 429 1859 no
443 1778 564 1856 studio
580 1775 799 1878 compositi,
822 1774 1008 1854 interdum
1027 1800 1256 1856 canerentur.
1297 1780 1546 1880 ¹Quamquam
1562 1787 1663 1864 enim

373 1901 688 1975 avevsuluvs,
713 1900 755 1955 vt
771 1874 890 1954 modo
908 1877 1133 1967 audiuimus,
1159 1882 1338 1979 Donaraestas
1353 1882 1392 1958 in
1415 1881 1562 1984 psalmis
1576 1882 1663 1977 suis,

373 1983 543 2062 humano
555 1981 709 2081 ingenio
722 1975 960 2078 compositis,
986 1978 1253 2080 reprehendit,
1276 1997 1495 2074 nontamen
1517 1983 1556 2061 id
1574 1983 1661 2064 ideo

375 2080 605 2187 potissimum
622 2078 717 2171 fecit,
735 2077 840 2177 quod
852 2080 897 2155 ab
909 2079 1126 2158 hominihus
1140 2080 1254 2157 essent
1269 2079 1477 2183 conscripti,
1485 2085 1546 2161 sed
1555 2085 1661 2183 quod

376 2208 444 2278 eos
458 2184 593 2259 diuinis
607 2180 870 2282 scriptutarum
885 2179 1059 2279 hymnis,
1078 2179 1177 2255 suam
1208 2205 1254 2258 ue
1277 2180 1509 2261 indecentem
1530 2210 1661 2262 canen·

374 2285 417 2362 di
431 2308 499 2362 eos
512 2285 693 2361 rationem
716 2280 847 2358 sobriae
861 2304 904 2356 ac
920 2280 1026 2383 graui
1044 2206 1231 2358 methodo
1255 2279 1661 2384 ecclestaeptaeferrent.

374 2383 847 2488 lpsemet-avcvsrruvs
863 2379 1253 2485 psalmum-multarum
1269 2383 1450 2484 partium,
1465 2386 1503 2460 in
1519 2386 1663 2470 imitati·

376 2511 490 2565 onem
506 2483 635 2586 psalmi
655 2480 843 2561 centesimi
863 2481 999 2559 decimi
1021 2485 1138 2580 noni,
1163 2481 1391 2584 composuit,
1419 2485 1663 2585 quemadmo-

377 2587 469 2662 dum
482 2588 592 2664 huius
609 2585 737 2687 capitis
755 2587 785 2680 §.
799 2581 881 2659 Xll.
903 2581 1140 2662 obseruatum
1155 2584 1264 2662 nohis
1280 2582 1341 2663 est.
1392 2586 1520 2687 Atque
1531 2584 1607 2665 hoc
1621 2589 1660 2667 in

378 2686 485 2765 vsum
500 2688 631 2789 populi
646 2685 698 2763 sui
712 2684 811 2777 fecit,
825 2705 868 2760 vt
881 2706 1011 2761 contra
1027 2708 1179 2763 errores·
1190 2691 1313 2760 Donati
1327 2710 1393 2765 eos
1407 2688 1658 2788 praemuniret.

376 2788 490 2866 Vnde
508 2786 703 2866 absurdum
716 2786 817 2865 foret
830 2788 1017 2888 cogitare,
1042 2784 1168 2887 quod,
1194 2790 1259 2888 qui
1274 2787 1349 2888 ipse
1362 2785 1543 2888 psalmum
1559 2815 1661 2868 com·

373 2892 501 2994 posuit
514 2913 536 2968 a
550 2915 603 2991 po
634 2891 696 2967 ulo
709 2888 943 2974 cantandum,
959 2889 989 2964 is
1006 2887 1097 2965 alios
1114 2888 1274 2989 psalmos
1289 2888 1502 2990 repudiarit,
1511 2914 1592 2968 earn
1605 2890 1660 2968 so·

371 2992 512 3092 lam‘ob
527 3016 591 3069 cau
620 3013 699 3084 am,
726 2987 830 3090 quod
846 2989 1010 3067 humano
1034 2990 1188 3090 ingenio
1210 2989 1322 3068 essent
1345 3016 1429 3086 com
1460 2990 1551 3071 ostti.
1600 2990 1660 3068 Li·

372 3094 433 3172 bri
448 3094 569 3171 vltimi
587 3095 707 3193 capite
721 3096 854 3191 quinto
875 3088 1227 3190 demonstrauimus,
1253 3090 1416 3170 istiusmo
1445 3096 1458 3168 i
1481 3094 1659 3193 psilt'nos,
1712 3098 1714 3102 ’

373 3196 544 3298 hymnos
557 3192 855 3296 acdox'ologias,
877 3217 897 3269 a
917 3193 989 3292 piis
1005 3190 1226 3272 hominibus¹
1240 3194 1486 3300 compofitas,
1511 3193 1668 3292 semper

372 3300 413 3375 in
429 3293 594 3393 ecclefia,
619 3318 638 3371 a
656 3296 787 3396 primis
798 3291 884 3369 inde
899 3295 978 3370 eius
994 3294 1120 3380 initiis,
1141 3295 1221 3370 cani
1240 3293 1470 3373 consueuilse.
1519 3296 1659 3389 Neque

369 3398 469 3475 vllus
488 3421 553 3472 vm
581 3420 666 3473 uam
679 3417 814 3496 praeter
831 3397 971 3470 Paulum
983 3393 1225 3496 samosatensem
1239 3397 1363 3473 talium
1375 3396 1605 3496 hymnorum
1619 3417 1659 3469 v·

371 3498 454 3578 sum
462 3423 689 3596 repudiaui13
714 3496 833 3596 Qtod
856 3495 1009 3594 quidem
1023 3494 1084 3570 hic
1102 3521 1180 3571 non
1193 3493 1280 3582 ideo
1294 3494 1399 3592 fecit,
1412 3493 1516 3595 quod
1530 3493 1658 3576 ah'ho·

371 3600 535 3699 minibus
554 3618 659 3690 erant
678 3596 895 3699 composti,
919 3591 981 3673 sed
1004 3597 1088 3696 quia
1104 3594 1314 3676 dodltinam
1335 3595 1592 3690 continebant,
1617 3622 1658 3672 o·

373 3700 594 3804 pinionibus
616 3698 727 3799 ipsius
755 3702 909 3800 priuatis
935 3699 1172 3776 contrariam.
1221 3721 1434 3776 uttanrvs
1459 3723 1501 3774 ac
1524 3720 1657 3774 avev-

372 3829 439 3885 stt
449 3825 537 3880 uvs
557 3804 694 3881 multos
707 3800 914 3879 istiusmodi
926 3800 1090 3901 hymnos
1105 3796 1347 3901 composuisse
1363 3797 1545 3890 dicuntur,
1560 3820 1658 3895 quos

374 3930 491 4007 quum
505 3905 674 3981 nonnulli
689 3908 728 3980 in
746 3902 931 4003 Hrspam‘cis
951 3900 1108 3979 ecclesris
1122 3899 1390 4002 reprobarent,
1414 3898 1517 3998 quod
1536 3900 1659 3976 huma·

376 4033 426 4084 no
448 4004 571 4082 studio
604 4003 806 4105 compositi
838 4002 908 4081 elle
942 4002 1200 4094 noscerentur,
1238 4001 1439 4079 concilium
1473 4002 1658 4075 Toletanum

377 4130 548 4207 quartum
569 4111 610 4206 g)
634 4106 734 4183 fadlo
762 4106 916 4184 decreto
944 4129 1074 4181 cotum
1103 4104 1208 4180 vsum
1241 4128 1312 4180 vna
1339 4126 1424 4175 cum
1451 4098 1659 4201 doxologia

417 4272 456 4350 g)
472 4271 585 4335 Concil.
599 4272 733 4331 Toletan.
749 4268 904 4329 lV.c.Xll.
922 4265 999 4341 Qia
1040 4261 1110 4322 srcut
1135 4262 1180 4335 hi,
1200 4280 1272 4339 quot
1288 4257 1433 4321 bearishmi
1458 4257 1586 4319 dodones
1605 4260 1660 4346 Hi·

376 4375 393 4416 a
421 4357 567 4415 nonnullis
601 4354 707 4438 hymni
745 4353 881 4414 humanis
907 4349 999 4411 lludio
1041 4351 1125 4410 latius
1170 4360 1254 4427 atque
1293 4341 1458 4411 Ambrosius
1495 4346 1660 4413 ediderunt,
1753 4373 1757 4378 ·

377 4433 587 4521 oumposrtie‘lie
605 4439 920 4502 noscuntur-inlandem
934 4438 998 4519 Dei,
1041 4453 1112 4517 quos
1134 4449 1230 4495 tamen
1252 4434 1369 4518 quidam
1392 4429 1544 4510 specialiter
1562 4447 1660 4507 repro-

379 4524 648 4592 &aoolloloruntac
660 4541 818 4687 mansum
829 4522 1001 4608 triumphus,
1042 4519 1132 4601 bant„
1155 4536 1210 4596 pto
1226 4538 1261 4585 eo
1285 4520 1365 4610 quod
1386 4517 1423 4580 (le
1439 4516 1578 4600 scripturis
1598 4513 1661 4573 san.

425 4609 569 4715 sagn.
590 4607 722 4693 votv
765 4613 772 4624 ·
1145 4601 1183 4684 o
1585 4598 1659 4684 σιω
