4734 5442
658 582 736 662 424
883 572 1062 632 octorttvu
1083 575 1409 674 remcstas'rtctnvtt
1433 577 1495 626 ιιι.
1520 577 1575 627 xv.
1596 577 1670 627 cnr.
1689 577 1737 628 tv.

659 731 938 810 matrimonium
955 728 1127 824 intelligi,
1141 747 1292 824 putant,
1306 722 1410 819 quod
1425 721 1654 800 contradunt
1670 723 1712 799 stt
1725 727 1850 823 ptimo
1865 747 1947 799 non

660 828 846 908 dilloluto.
895 823 1017 920 Quod
1032 825 1056 899 li
1073 829 1122 901 ita
1136 823 1207 915 est,
1222 824 1313 901 nihil
1328 824 1397 900 hac
1411 824 1450 898 in
1471 849 1513 902 re
1533 822 1753 900 difficultatis
1776 824 1949 922 superest.

661 929 764 1006 Nam
787 925 972 1002 seueriore
995 925 1115 1001 adhuc
1138 947 1248 1025 poena
1271 922 1378 1000 adfici
1396 927 1553 1002 omnino
1577 921 1743 1025 poliunt,
1769 950 1833 1022 qut
1856 924 1949 1002 duas

662 1027 767 1108 simul
781 1049 919 1103 uxores
943 1026 1109 1101 retinent.
1154 1027 1276 1125 lgitur
1298 1026 1357 1100 alti
1381 1023 1604 1116 existimant,
1627 1023 1780 1101 voluiii'e
1805 1050 1871 1102 eos
1898 1027 1950 1101 di·

624 1153 626 1160 ·
663 1131 852 1216 minuere,
877 1121 941 1218 etst
961 1149 1037 1202 non
1055 1128 1202 1226 penitus
1218 1124 1437 1223 prohibere,
1460 1123 1633 1204 secundas
1648 1133 1813 1225 nuptias,
1836 1126 1950 1205 ladius

722 1226 750 1302 st
767 1230 971 1327 primarum
991 1247 1115 1302 morte
1137 1225 1311 1301 abolitam
1331 1225 1608 1324 obligationem.
1660 1228 1720 1302 Sic
1735 1251 1855 1302 autem
1872 1251 1950 1304 non

663 1253 771 1408 fitne
786 1324 836 1403 'ad
861 1321 1113 1403 definiendum
1130 1323 1201 1422 est,
1224 1350 1302 1425 quo
1327 1323 1438 1426 padio
1459 1327 1534 1404 hoc
1551 1324 1670 1427 ipsum
1689 1326 1727 1402 δι
1747 1328 1893 1428 regulas
1915 1351 1952 1404 a·

664 1429 860 1532 postolicas
884 1428 980 1503 inter
994 1425 1032 1502 se
1059 1426 1254 1504 conciliate
1280 1423 1467 1525 poliitnus.
1528 1428 1668 1524 Neque
1693 1425 1732 1508 id
1755 1426 1952 1506 excusatio·

664 1553 714 1610 ne
736 1527 980 1603 inclinationis
1003 1524 1048 1602 ad
1071 1535 1324 1600 Nouatianorum
1344 1526 1382 1602 δι
1403 1531 1670 1618 Mamertinum
1683 1551 1851 1616 errores,
1876 1553 1950 1628 pro

665 1628 799 1730 quibus
819 1650 1166 1703 tncrvtttnnvs
1194 1632 1232 1701 in
1257 1627 1355 1702 libro
1373 1624 1441 1702 suo
1463 1628 1510 1704 de
1530 1637 1726 1727 monogamia
1746 1629 1892 1727 aliisque
1913 1632 1951 1706 in

667 1731 900 1810 lociscontra
920 1725 1108 1802 ecclesiam
1124 1746 1321 1825 tantopere
1338 1744 1490 1828 pugnat,
1506 1734 1584 1828 regi
1601 1727 1730 1827 potest.
1782 1729 1868 1829 Ego
1885 1755 1950 1832 po·

666 1833 739 1910 tius
765 1827 987 1918 existimem,
1022 1826 1162 1903 horum
1198 1849 1383 1902 canonum
1406 1825 1559 1926 scopum
1587 1852 1665 1904 non
1696 1827 1798 1906 fuiiie
1823 1833 1953 1930 alium,

666 1929 733 2008 ulfi
746 1925 929 2028 impedire
943 1927 1087 2028 nuptias
1104 1923 1189 2029 post
1200 1926 1430 2027 illegitimum
1446 1926 1671 2026 diuortium,
1684 1953 1767 2028 quae
1781 1954 1841 2008 res
1855 1929 1951 2008 scon·

666 2027 740 2108 dall
761 2029 868 2130 plena
889 2047 986 2121 erat,
1009 2025 1071 2103 erst
1094 2050 1163 2128 per
1184 2025 1394 2104 ludaeorum
1419 2029 1610 2126 paritetac
1631 2029 1823 2128 gentilium
1846 2029 1951 2130 leges

666 2131 773 2208 licita
841 2126 958 2223 idque
984 2148 1087 2203 tanto
1117 2127 1259 2227 magis,
1293 2130 1378 2226 quia
1412 2151 1711 2205 tutrvtnttnt
1734 2154 1952 2230 argumenta

669 2251 801 2308 contra
819 2228 1021 2306 catholicos
1036 2231 1212 2323 innuunt,
1237 2227 1340 2327 quod
1359 2227 1534 2306 iecundas
1556 2232 1720 2328 nuptias,
1747 2235 1952 2328 primarum

667 2329 825 2410 vinculis
848 2330 1013 2430 legitime
1032 2326 1180 2426 solutis,
1204 2327 1422 2422 celebratas,
1444 2329 1482 2402 in
1510 2332 1701 2423 omnibus,
1723 2329 1748 2404 st
1769 2355 1789 2406 a
1811 2334 1953 2410 clericis

665 2427 885 2518 discess'eris,
908 2427 1158 2529 approbarint.
1208 2426 1386 2517 Accedit,
1407 2428 1512 2525 quod
1528 2431 1651 2506 multra
1664 2432 1775 2509 etiam
1793 2432 1951 2510 ecclestae

667 2529 838 2712 {famus
854 2527 948 2625 (hoc
960 2526 1111 2628 quidem
1127 2524 1246 2628 sensu)
1261 2530 1298 2624 in
1310 2525 1409 2629 ipsos
1424 2527 1578 2608 ordines
1591 2529 1810 2624 admiserint,
1823 2543 1953 2636 quem·

717 2628 958 2707 modumexi
989 2627 1747 2721 sornnrvrtratto,ctt1ttsosrotto
1765 2629 1952 2726 &muno-

670 2753 858 2814 noncro
875 2729 947 2807 alio
962 2653 1049 2806 fisco
1064 2727 1104 2828 “)
1120 2728 1295 2905 pluribus
1310 2728 1652 2810 demonstrauimus.
1702 2731 1742 2808 Si
1755 2759 1847 2809 vero
1864 2736 1951 2813 ltus·

669 2855 713 2912 ce
731 2853 893 2908 canones
917 2830 999 2932 plus
1018 2830 1117 2908 inten
1147 2827 1209 2908 ille
1222 2828 1379 2919 dixeris,
1406 2851 1446 2907 vt
1465 2833 1773 2933 regulaeptiuatre
1787 2831 1951 2933 spetun-
1987 2855 1990 2860 ’

668 2931 728 3011 dte
756 2931 855 3024 sunt,
886 2953 970 3030 quoe
992 2932 1156 3031 generali
1180 2931 1366 3011 sententie
1388 2957 1432 3012 ae
1453 2933 1561 3034 praxi
1585 2934 1739 3014 ecclelite
1762 2935 1951 3020 catholicae

671 3031 910 3136 prescribere
930 3051 1129 3134 nequeunt.
1256 3141 1259 3146 Δ

668 3239 857 3345 Corrupto
874 3233 1092 3342 confitendo
1107 3132 1254 3339 aaroni·
1265 3131 1605 3345 pafflelddharistiam
1619 3235 1761 3322 dabant
1777 3231 1951 3346 mortuis,

1093 3351 1323 3430 aveter'ilus
1339 3348 1536 3457 castt'gnttt.
1770 3341 1778 3359 ’

772 3475 1019 3570 Anuoovtt
1046 3494 1223 3576 corrupta
1250 3497 1293 3550 ac
1315 3469 1556 3572 superstitiosa
1580 3475 1751 3578 quedam
1769 3483 1890 3578 praxis
1910 3485 1952 3563 in

566 3607 571 3614 ·
667 3575 834 3660 ecclesias
859 3571 1032 3670 Africanas
1055 3575 1092 3652 dt
1109 3575 1304 3654 nonnullas
1326 3575 1410 3652 alias
1437 3599 1615 3680 maturius
1636 3583 1750 3678 coepit
1766 3584 1952 3681 irrepere,

666 3677 705 3754 in
723 3699 837 3774 quarn
855 3689 1081 3776 patres,'pro
1092 3699 1138 3752 eo
1155 3697 1198 3750 ac
1210 3679 1444 3764 commeruit,
1456 3677 1583 3754 lettere
1596 3678 1952 3764 animaduerterunt:
1990 3689 2007 3696 “
2018 3709 2021 3714 ·
2033 3711 2051 3748 ·-

665 3776 754 3856 Erat
770 3776 851 3852 haec
867 3781 1023 3854 mortuis
1043 3773 1293 3854 eucharistiam
1316 3773 1425 3852 dandi
1447 3775 1685 3854 consuetudo.
1735 3779 1952 3866 Concilium

667 3875 911 3976 Carthaginense
926 3880 1074 3954 tertium
1090 3899 1271 3951 canonem
1288 3875 1401 3952 haber
1418 3901 1465 3953 eo
1479 3874 1735 3976 spectantem
1771 3908 1781 3955 r
1810 3888 1951 3982 Placuit,
2015 3889 2022 3900 '

539 4059 542 4066 ,
664 3969 904 4082 tricorporibus
924 3975 1146 4074 &functorum
1165 3979 1350 4075 eucharestia
1373 4005 1435 4050 non
1455 3979 1560 4055 detur.
1613 3980 1746 4054 Didium
1762 3986 1801 4081 est
1818 3997 1952 4066 cnima

666 4087 816 4172 Domino,
828 4087 972 4180 Accipite
987 4071 1026 4160 ὗ
1032 4075 1127 4168 edire.
1179 4077 1342 4164 Caduuera
1351 4102 1521 4154 antemnae
1528 4081 1798 4185 ,acciperepuffiott
1810 4115 1865 4161 nec
1878 4091 1950 4166 ede.

664 4209 711 4266 rr,
737 4257 741 4264 ,
764 4185 946 4260 omum
962 4183 1135 4280 finiam,
1152 4206 1192 4254 tte
1205 4201 1348 4256 mortuos
1359 4181 1518 4280 baptizari
1527 4181 1760 4286 poffijratram
1773 4191 1950 4283 itfirmitar

1603 4311 1951 4344 ’Μ--η

666 4413 678 4462 ,.
691 4363 734 4514 ⁶⁵)
755 4358 814 4506 ΙᾸΒΙ,
831 4361 923 4515 ἱᾙ.
939 4361 1286 4442 ,v-i.1v.rotun.u.n
1367 4364 1416 4446 q)-
1428 4367 1539 4428 concil.
1556 4365 1688 4452 carthag.
1701 4355 1754 4436 lli
1769 4392 1796 4444 c.
1815 4377 1867 4442 Vl.

712 4467 745 4511 ‚r
781 4493 786 4507 .
1644 4473 1647 4478 ·

663 4467 688 4532 '5
746 4467 778 4530 57
815 4464 828 4524 5
1011 4511 1014 4518 ·
1055 4513 1058 4520 .
1201 4507 1206 4520 ·
1440 4511 1454 4520 --
1877 4573 1946 4624 m.
