4734 5442
527 585 599 666 590
760 578 941 636 onrotuvu
966 577 1295 632 recassrtsrtcnnvit
1320 577 1386 634 ιιι.
1406 577 1461 632 xv.
1486 580 1561 634 ear.
1585 579 1632 636 lx.

411 677 416 704 “.
522 673 1801 706 fl—-n—-u———ffl

528 723 673 801 facilior
699 718 784 797 elset
806 745 847 794 ae
872 719 1022 793 liberior
1051 715 1246 794 corresho.
1316 717 1378 789 An
1396 717 1543 792 veroin
1566 718 1665 793 hunc
1681 719 1803 816 usque

530 822 633 900 diem
646 844 730 897 mos
752 823 812 898 ille
833 817 1021 896 corresins
1035 816 1095 905 stt,
1117 815 1153 890 id
1171 812 1321 913 quidem
1337 813 1407 906 est,
1429 814 1538 928 quod
1549 840 1624 916 ego
1646 819 1803 914 ignoro.

528 918 860 1001 Probabililstmum
888 918 956 1009 est,
977 943 1056 992 non
1078 914 1148 991 esse
1178 914 1411 1006 cortesium,
1436 916 1739 1015 quandoquidem
1761 921 1805 994 in

419 1020 423 1029 '
532 1025 606 1099 alio
630 1020 793 1119 quodam
810 1017 988 1120 opusculo
1005 1016 1036 1110 *l
1059 1014 1288 1094 occasionem
1312 1015 1682 1114 habuikostendendi,
1699 1033 1804 1094 ἰεοῐι·
1878 1105 1884 1113 ,

531 1123 760 1202 suetudinem
788 1142 929 1196 tantum
952 1139 1080 1213 quater
1132 1141 1170 1193 er
1201 1139 1338 1192 annum
1365 1116 1661 1195 communicandi
1681 1115 1808 1194 adhuc

531 1229 739 1330 generatim
762 1218 979 1298 obtinerein
997 1141 1141 1293 ecclessa
1168 1219 1336 1292 Gallicana.
1390 1214 1588 1316 Disciplina
1614 1220 1692 1295 eius
1713 1216 1811 1294 nihil
1890 1261 1893 1268 ·

531 1326 692 1423 amphus
730 1323 903 1416 requirit,
937 1318 1073 1394 etiamsi
1104 1316 1397 1414 frequentiorem
1422 1319 1677 1417 receptionem
1701 1337 1809 1395 com·

532 1423 696 1501 mendet.
747 1417 902 1496 Ecclesia
925 1421 1097 1517 anglicana
1118 1419 1155 1492 in
1169 1417 1275 1492 huius
1293 1418 1442 1517 generis
1461 1419 1652 1495 conatibus
1678 1420 1809 1516 paullo
1883 1489 1887 1496 .

532 1524 604 1601 suit
620 1521 771 1598 felicior.
821 1518 1006 1620 Quamuis
1019 1524 1119 1594 enim
1140 1519 1278 1618 regulae
1296 1519 1442 1611 eiuster
1464 1539 1604 1594 tantum
1624 1519 1662 1594 in
1684 1517 1812 1620 fingu-

533 1618 593 1700 los
608 1646 725 1698 annos
742 1622 924 1722 populum
950 1618 1153 1719 generatim
1176 1616 1427 1692 eucharistiam
1453 1618 1619 1712 recipere
1642 1620 1812 1714 iubeant,

533 1743 659 1816 tamen¹
681 1726 719 1798 in
740 1718 896 1798 ecclesiis
916 1718 1049 1795 nostris
1077 1716 1343 1795 cathedralibus
1364 1716 1574 1794 eucharistia
1600 1722 1811 1797 communi·

523 1844 592 1904 ,ter
615 1821 764 1924 singulis
791 1819 918 1895 diebus
942 1816 1138 1895 dominicis
1158 1817 1380 1903 celebratum
1399 1822 1468 1918 qui
1490 1840 1574 1895 mos
1600 1820 1637 1894 in
1658 1820 1810 1918 quibus·

531 1922 620 2000 dam
642 1920 799 2000 ecelesiis
815 1917 1337 2037 parochialibuslundinenfibus
1352 1942 1502 2017 quoque
1527 1917 1686 2001 obtinetr
1711 1919 1747 1997 ἃ
1770 1946 1810 2000 a·

531 2022 591 2102 liar
607 2044 681 2098 tam
698 2026 791 2098 intra
806 2021 988 2095 ciuitatem
1003 2025 1116 2116 quam
1136 2022 1172 2096 in
1186 2043 1284 2119 agris
1300 2019 1450 2118 singulis
1466 2008 1648 2096 mensibus
1662 2044 1811 2102 coenam

431 2133 434 2140 '
529 2121 794 2201 administrant.
869 2119 1032 2197 Multum
1054 2141 1176 2196 autem
1198 2118 1319 2195 adhuc
1339 2119 1474 2197 laboris
1497 2116 1656 2198 &studii
1675 2121 1810 2200 consu·

533 2225 714 2303 mendum
730 2223 818 2317 erit,
841 2242 881 2297 vt
893 2243 951 2296 res
965 2217 1010 2294 ad
1029 2222 1162 2299 vetetis
1178 2218 1334 2296 ecclesiae
1359 2223 1571 2319 exemplum
1588 2224 1809 2323 imaginem·

443 2371 446 2376 -
513 2356 522 2367 ·
564 2349 611 2403 ne
631 2324 851 2422 antiquitatis
866 2318 1070 2399 reducatur.
1147 2322 1247 2396 Nam
1263 2323 1299 2395 in
1312 2318 1396 2418 ipsis
1421 2317 1552 2398 nostris
1573 2321 1729 2401 ecclesiis
1747 2344 1826 2404 ca··

533 2444 551 2502 t
581 2424 760 2503 edralibus
777 2423 1060 2499 communiones
1081 2445 1172 2497 rarae
1185 2420 1264 2496 sunt
1279 2421 1316 2497 ἃ
1332 2419 1602 2520 infrequentes,
1620 2445 1730 2520 atque
1753 2424 1810 2504 ibi

532 2523 637 2603 loeus
651 2523 770 2599 adhuc
785 2521 836 2597 est
856 2519 910 2595 isti
932 2544 1251 2598 cnnrsosrout
1274 2521 1450 2617 querelae:
1494 2521 1558 2617 „0
1578 2525 1814 2603 consuetudi-

536 2626 663 2720 „neml
692 2624 731 2699 Ο
747 2620 1063 2720 praesumtionem!
1086 2621 1232 2695 Frustra
1252 2621 1405 2697 habetur
1421 2623 1631 2718 quotidiana
1646 2625 1810 2706 oblatio:

534 2723 689 2822 „frustra
712 2720 844 2799 stamus
857 2718 903 2796 ad
921 2720 1049 2797 altare:
1077 2720 1208 2797 Nemo
1224 2719 1275 2797 est
1308 2726 1371 2820 qui
1386 2721 1490 2798 simul
1506 2726 1710 2825 participet
1749 2733 1812 2807 ln·

408 2842 413 2850 ‘
532 2880 555 2924 „
585 2849 648 2904 ens
665 2823 796 2927 populi
811 2818 1009 2897 multitudo
1026 2816 1071 2894 ad
1084 2819 1285 2899 audiendos
1302 2823 1490 2900 sermones
1502 2823 1675 2922 confluit,
1694 2852 1813 2926 quan·

532 2854 608 3042 ,do
639 2947 761 3003 autem
789 2944 936 3020 tempus
962 2920 1168 2997 celebrandi
1195 2921 1320 2998 diuina
1353 2921 1524 3025 mysteria
1550 2925 1668 3025 adest,
1693 2953 1811 3009 vacus

534 3027 771 3126 „desertaque
798 3019 965 3100 redditur
992 3020 1147 3123 ecclefia.
1222 3022 1355 3122 Quum
1389 3025 1594 3103 elaboratos
1619 3028 1813 3111 sermones

535 3128 642 3227 „suos
667 3127 820 3201 recitant
856 3119 1042 3210 conserui,
1080 3118 1238 3197 studium
1262 3123 1313 3197 illi
1337 3121 1510 3200 adhibent
1534 3125 1572 3202 dt
1597 3131 1789 3229 ingenium
1797 3159 1811 3232 ς

533 3285 556 3328 „
585 3253 672 3306 uum
686 3247 807 3301 autem
826 3219 902 3322 ipse
923 3219 1110 3314 Christus,
1134 3223 1344 3298 communis
1368 3226 1540 3325 magister
1558 3229 1595 3304 dt
1611 3231 1811 3329 Dominus,

430 3381 434 3390 ·
547 3258 672 3429 ,semet
688 3328 725 3404 in
748 3324 855 3402 sacris
878 3320 1059 3424 mysteriis
1075 3319 1281 3399 ostensurus
1303 3322 1373 3416 est,
1395 3325 1555 3404 amensa
1574 3329 1668 3416 eius',
1694 3355 1810 3430 quan·

534 3386 694 3510 ³tumuis
717 3422 968 3501 humanissime
990 3423 1147 3510 inuitati,
1173 3422 1360 3525 refugiunt
1367 3479 1399 3519 „,
1475 3426 1570 3503 Non
1593 3431 1713 3530 potest
1729 3461 1809 3516 nott

465 3609 470 3622 ,
533 3488 612 3612 hoc
632 3529 726 3616 male
740 3525 875 3605 habere
893 3547 1024 3600 omnes
1040 3524 1125 3624 pios
1145 3529 1336 3601 CHRISTI
1353 3526 1497 3617 seruos,
1518 3534 1581 3625 qui
1594 3533 1644 3605 rbi
1659 3532 1750 3612 stant
1767 3541 1807 3617 in

534 3633 611 3712 eius
636 3632 788 3707 nomine
807 3623 1058 3712 ministraturi,
1083 3622 1173 3699 dum
1192 3629 1297 3724 pauci
1314 3651 1447 3705 eorum
1469 3625 1715 3709 admonitioni
1737 3637 1805 3714 ob·

535 3749 762 3830 temperant,
784 3727 822 3806 ἃ
838 3725 1004 3824 plerique
1017 3748 1037 3799 a
1052 3730 1318 3805 communione
1337 3728 1373 3806 se
1395 3727 1589 3830 abstinent,
1608 3733 1708 3828 quasi
1727 3737 1806 3816 hul·

535 3836 570 3913 la
590 3829 702 3909 officii
719 3825 898 3903 christiani
915 3827 999 3924 lege
1014 3849 1093 3900 eam
1109 3828 1276 3924 recipere
1296 3848 1517 3905 tenerentur.
1580 3833 1627 3908 Et
1645 3838 1682 3910 in
1698 3861 1807 3936 paro·

533 4048 638 4112 turnist
649 4064 690 4107 ter
698 4047 862 4126 quotannis:
883 4042 1034 4121 &quidem
1042 4043 1149 4102 ttintet
1190 4041 1255 4104 serti
1267 4047 1296 4104 in
1309 4045 1370 4107 aaa
1389 4048 1511 4124 publiea,
1532 4050 1661 4130 vitiosum
1675 4052 1730 4115 ese
1742 4076 1805 4118 mo.

540 4153 653 4200 etenum
669 4130 833 4196 rentecollet
846 4126 1149 4191 &natalirlllrrillise-
1191 4147 1251 4188 rem
1273 4137 1413 4206 nothum,
1432 4150 1463 4194 vt
1482 4135 1595 4213 poncii,
1612 4135 1721 4204 famo,
1738 4139 1808 4209 eff„

533 4236 611 4305 ptem
632 4218 688 4278 toti
702 4215 804 4277 menses
817 4217 1027 4281 intercederent.
1070 4212 1149 4277 Mihi
1191 4216 1222 4276 st
1235 4217 1353 4279 liberior
1366 4220 1513 4283 eotteslin.

535 4304 682 4386 plnctbant
691 4299 793 4382 singuli
806 4297 925 4362 menses:
941 4301 985 4360 sed
994 4319 1081 4378 quum
1095 4301 1149 4360 mi·

535 4396 614 4453 nime
629 4388 830 4460 persuaderem.
847 4381 932 4447 satius
945 4384 1032 4446 risum
1046 4384 1083 4445 cll
1096 4403 1147 4466 po·
1231 4385 1262 4462 ’)
1279 4386 1387 4452 Freneb
1402 4385 1543 4454 Cburehes
1556 4393 1676 4480 ΑΜ)
1685 4390 1737 4482 fir
1756 4401 1806 4466 ψ

532 4482 594 4564 puli
607 4475 765 4540 infirmitati
783 4465 942 4558 ignoscere,
960 4481 1047 4557 quim
1065 4472 1148 4555 perti·
1191 4470 1807 4570 Cbumbtfssnghndssookllhchnplllv,
