4734 5442
763 659 765 664 ¹
884 599 930 650 aa
953 598 1142 649 matuatus
1166 599 1306 651 narrare
1334 597 1522 654 romasrra:
1666 673 1669 678 Ι
1825 603 1862 686 13

530 733 683 835 diruta,
709 754 851 838 genera
872 734 993 836 capite
1015 736 1190 835 proxime
1206 734 1380 841 sequente
1394 738 1483 818 loco
1497 738 1564 820 suo
1578 735 1860 819 considerabas·

529 857 600 916 tur.
842 915 846 922 ,
1253 883 1257 892 ·

708 941 711 948 ’
1143 935 1288 1036 §.1x.·

736 1034 885 1140 Psalmi
908 1037 1097 1116 interdurn
1121 1038 1269 1118 abano
1300 1062 1454 1122 tantum
1477 1048 1642 1123 cantati.

646 1147 786 1248 Qvou
816 1146 862 1224 ad
885 1146 1058 1228 homines
1090 1150 1238 1244 attinet,
1271 1151 1336 1249 qui
1357 1149 1483 1228 officio
1511 1148 1680 1228 cantandi
1702 1146 1864 1250 psalmos

536 1249 689 1355 publice
704 1249 739 1325 in
755 1247 902 1324 ecclelia
927 1245 1195 1348 fungebantur,
1217 1247 1280 1326 sub
1294 1274 1453 1349 quatuor
1473 1251 1625 1329 diuerfis
1640 1250 1705 1328 tel
1725 1248 1862 1325 estibus
1919 1299 1922 1305 ·

537 1375 611 1430 eos
639 1346 869 1427 considerare
895 1344 1105 1447 pellamus,
1131 1346 1331 1426 secundum
1357 1351 1523 1429 diuersos
1540 1352 1681 1452 pialmo
1712 1355 1755 1426 iae
1781 1372 1863 1424 mo·

542 1451 623 1532 dos.
671 1448 705 1551 t)
724 1446 915 1527 interdum
931 1447 1060 1546 psalmi
1074 1447 1119 1525 ab
1137 1473 1217 1526 vno
1227 1452 1482 1544 cantabantur,
1495 1453 1656 1553 reliquis
1665 1475 1750 1528 cum
1763 1446 1865 1524 srlens

540 1555 594 1630 tio
613 1547 855 1628 audientibus.
906 1552 944 1647 a)
963 1547 1153 1628 Interdum
1168 1548 1214 1628 ab
1227 1552 1391 1630 vniuersa
1405 1557 1700 1655 congregatione
1716 1549 1868 1627 conium

531 1653 625 1732 stim
650 1651 887 1727 canebantur.
963 1651 1008 1749 3)
1034 1650 1225 1728 interdum
1255 1652 1479 1740 alternatim,
1512 1655 1808 1755 congregatione
1827 1649 1868 1724 in

531 1753 634 1834 duos
655 1750 797 1829 choros
819 1746 950 1842 diuisa,
974 1751 1092 1828 altero
1108 1776 1225 1827 vnum
1241 1753 1358 1831 altero
1371 1755 1524 1832 alterum
1545 1771 1693 1832 comma
1715 1751 1868 1830 recitan-

534 1875 589 1936 te.
641 1853 687 1951 4)
713 1850 904 1928 interdum
920 1873 1016 1928 vnus
1033 1853 1196 1950 primam
1211 1858 1405 1932 commatis
1421 1854 1766 1956 pattemrecitabat,
1785 1849 1867 1925 reli,
1996 1879 2000 1886 ¹

535 1957 680 2057 quirin
702 1951 854 2029 clausula
875 1949 1016 2054 eiusse·
1030 1954 1355 2055 coniungentibus.
1405 1955 1553 2034 Primus
1572 1956 1710 2034 borum
1732 1950 1870 2028 modus

535 2077 707 2136 sonunt
741 2077 966 2132 cassiano
985 2075 1147 2131 notatur
1174 2076 1364 2153 tamquam
1390 2060 1600 2136 communis
1627 2052 1868 2132 monasterio·

537 2179 626 2236 rum
649 2179 718 2254 per
742 2162 916 2256 Aegyptum
938 2152 1178 2231 consuetudo.
1204 2145 1210 2172 ¹
1256 2157 1322 2232 Ait
1337 2159 1456 2247 enim,
1483 2156 1669 2330 Αχᾳκιιο,
1689 2155 1723 2252 ¹)
1737 2161 1796 2252 qai
1814 2150 1868 2246 dr?

537 2259 655 2333 &urus
669 2265 708 2328 ἐκ
736 2260 876 2330 mediam
891 2253 1030 2353 pfirlmcs
1046 2251 1259 2353 firrrexerr‘t,
1290 2257 1398 2328 canili
1413 2255 1512 2355 fidili
1552 2258 1776 2332 shumt'llr‘mr's
1797 2253 1868 2350 inst·

536 2361 669 2448 dentes,
692 2357 741 2431 ad
760 2385 866 2432 vocem
882 2354 1046 2457 psallentis
1061 2364 1148 2428 omni
1163 2356 1270 2429 cordis
1285 2357 1459 2429 intentione
1477 2357 1662 2460 dependent.
1719 2353 1768 2430 Et
1784 2353 1870 2429 licet

537 2455 728 2540 interdum
745 2480 905 2559 quatuor
917 2456 967 2533 ¹de
982 2458 1277 2558 congregatione
1293 2456 1492 2535 duodecim
1535 2456 1663 2536 salmos
1684 2472 1870 2544 canerent,

538 2587 621 2640 non
634 2582 757 2640 tamen
770 2559 846 2638 hoc
860 2556 1040 2638 faciebant
1067 2580 1200 2636 omnes
1220 2556 1393 2647 iunfflm.
1408 2557 1469 2638 sed
1484 2483 1572 2638 asiais
1588 2555 1670 2661 poll
1686 2558 1797 2633 alium
1811 2554 1870 2651 ¹¹³),

542 2664 613 2758 ita,
633 2685 675 2740 vt
702 2659 951 2763 vnusquilque
971 2679 1045 2738 tres
1067 2680 1214 2740 caneret
1235 2657 1418 2761 psalmos,
1444 2662 1596 2759 reliquis
1614 2682 1699 2738 cum
1726 2655 1870 2734 silentio

541 2761 917 2843 animaduertentibus
939 2756 985 2839 ad
1011 2760 1186 2839 vltimum
1217 2759 1331 2860 vsque
1363 2761 1561 2864 psalmum,
1597 2784 1708 2863 quem
1735 2777 1870 2837 omncs

518 2865 733 2943 'cantabant
755 2863 908 2942 iuniiim
932 2861 978 2939 ad
997 2861 1154 2940 modum
1173 2863 1410 2965 antiphona,
1435 2862 1612 2948 addentes
1636 2869 1676 2940 in
1697 2859 1772 2937 fine
1797 2860 1870 2931 Glo-

539 2976 595 3044 ria
607 2977 720 3073 patri,
743 2963 782 3049 tl
791 2967 864 3062 fillo
879 2961 1065 3070 &ffirltrri
1077 2964 1200 3068 Μία.

699 3187 894 3266 interdum
910 3183 958 3286 ab
981 3079 1466 3295 uniuersazongregation'e
1485 3186 1719 3263 eoniunllim.

659 3296 901 3374 intr-:auva
929 3295 1098 3373 vniuerla
1126 3294 1393 3397 congregatio,
1425 3294 1518 3387 viri,
1551 3294 1724 3368 mulieres
1748 3307 1790 3359 ac
1816 3286 1870 3358 in·

545 3399 686 3495 fantes,
713 3423 792 3475 vno
822 3421 891 3476 ore
911 3420 953 3473 ac
972 3419 1100 3473 mente
1121 3421 1195 3472 vna
1228 3395 1443 3496 psallebant,
1482 3384 1764 3486 Deiquelaudes
1787 3409 1870 3464 can·

546 3500 683 3579 tabant.
732 3498 830 3573 Haec
846 3496 1086 3600 antiquiffima
1110 3499 1248 3594 pariter
1272 3495 1311 3568 a
1333 3491 1516 3593 generalis
1536 3487 1769 3572 ‚consuetudo
1789 3487 1873 3582 fuit,

546 3602 663 3701 vsque
682 3597 776 3678 dum
796 3600 889 3678 ratio
914 3598 1069 3678 canendi
1096 3595 1258 3696 psalmos
1279 3596 1485 3671 alternatim
1502 3592 1541 3676 in
1564 3590 1750 3669 ecclesiam
1771 3592 1871 3666 inue-

546 3703 711 3782 heretur.
787 3699 878 3779 Hoc
902 3701 1021 3780 modo
1046 3705 1114 3775 CH
1120 3705 1178 3774 Rl
1182 3705 1207 3775 S
1220 3705 1291 3775 TV
1293 3704 1318 3774 S
1338 3716 1449 3790 atque
1468 3691 1627 3795 apostoli
1649 3693 1815 3793 hymnos
1831 3689 1870 3764 in
1988 3733 1996 3760 r

548 3829 651 3884 corna
666 3804 794 3881 vltima
812 3804 1022 3896 cantabant,
1045 3803 1083 3879 dr
1103 3801 1177 3877 boc
1192 3797 1311 3876 modo
1328 3799 1503 3876 Paulusne
1520 3799 1603 3872 Silas
1621 3793 1743 3872 media
1759 3787 1873 3866 nolle

550 3907 673 4001 Deum
708 3896 907 3983 laudabant'
933 3905 1085 4005 hymnis
1110 3904 1147 3977 in
1176 3924 1334 3979 carcere.
1367 3920 1597 3975 aoaanrvs
1629 3915 1872 3970 sarriunt-

552 4029 635 4087 uva
661 4008 707 4107 ¹¹)
737 4006 892 4105 quidem
918 4005 956 4083 δι
978 4006 1036 4081 alii
1061 4005 1231 4082 nonnulli
1261 3999 1420 4080 ecclestae
1448 4001 1646 4096 firmanensis
1673 3992 1874 4110 scriptores
1962 4023 1969 4032 ·

597 4259 626 4337 l)
647 4253 771 4322 Callian.
790 4259 876 4320 iunii.
888 4257 931 4319 lib
954 4262 990 4320 11.
1002 4261 1103 4322 oxu.
1275 4255 1310 4334 n)
1331 4255 1481 4313 bellarmin
1504 4252 1539 4311 de
1551 4248 1634 4314 bonis
1644 4245 1776 4330 operibus
1785 4243 1835 4312 lib,
1851 4233 1885 4320 l]

598 4345 644 4422 m)
657 4343 730 4412 ibid.
744 4347 813 4406 cv.
841 4349 924 4408 Vnus
943 4345 1195 4428 iamediumpsal-
1233 4343 1640 4420 cxv1.rom.1v.p.1077.
1672 4335 1876 4416 (paanedit.

557 4431 753 4496 mutuamina
767 4447 933 4494 mutaturus
942 4434 1103 4522 exsurgite.
1115 4435 1199 4499 vul.
1237 4432 1331 4492 colon
1348 4429 1520 4506 MDCXV.)
1529 4417 1751 4508 drrgullinuslib.
1763 4419 1799 4477 tx
1810 4439 1877 4478 con·

558 4516 902 4602 &submutui-st).
979 4565 981 4574 =
1007 4565 1016 4592 r
1043 4559 1059 4574 ··
1085 4565 1088 4570 ·
1117 4565 1119 4571 ·
1150 4567 1156 4580 ·
1238 4512 1522 4589 &RVH-scribit,
1539 4514 1575 4575 ab
1591 4504 1740 4592 Ambrostp
1784 4509 1887 4563 imum·

1257 4599 1288 4677 B
1310 4623 1330 4700 3
1768 4593 1878 4679 cunt,
