4734 5442
569 511 614 564 ur
627 451 929 588 concremarem
945 500 1076 581 amam
1088 487 1414 566 conuenturam,
1430 499 1474 550 ru
1489 485 1612 556 naam
1625 487 1799 580 iterium·
1810 493 1870 588 ¹53

809 625 814 634 ·
1529 605 1863 642 “···········---«-

564 651 783 731 leuiuentibus'
798 652 1056 746 tanlqnbborreo,
1075 652 1219 752 detester,
1234 652 1340 726 dolori
1350 659 1729 764 mihiellmonualnptari.
1782 647 1864 742 Lan·

515 775 532 840 ι
562 754 640 828 dari
656 775 765 828 autem
780 782 800 827 a
813 756 887 828 bene
900 756 1082 850 virentibus
1089 756 1121 852 st
1129 756 1239 827 dienen
1253 757 1331 844 mla,
1341 767 1483 831 mentior
1491 787 1508 844 ,·
1514 761 1738 857 fidirnmv'oln,
1750 775 1857 858 tinne,

560 883 600 929 ne
606 858 667 954 ssm
681 867 856 930 inanitatis
871 867 1072 961 appetentior
1083 883 1178 956 quam
1186 854 1377 954 soliditatis.
1395 883 1397 888 ·
1428 865 1513 956 Ergo
1534 862 1618 960 qnid
1632 864 1761 937 dicam?
1788 875 1855 940 Nec

544 953 648 1059 ‘plene
662 962 743 1049 vole,
756 986 815 1032 nee
826 963 913 1061 plene
926 962 1002 1033 nole.
1054 966 1126 1032 Nan
1133 960 1226 1057 plene
1239 959 1327 1048 volo,
1348 985 1387 1031 ne
1405 967 1443 1032 in
1458 963 1552 1034 laude
1570 964 1708 1037 helmana
1720 974 1852 1064 pericli·

563 1081 636 1149 τῆς
661 1086 724 1135 non
733 1062 825 1158 plene
836 1065 1107 1157 nalo,neingrati
1110 1063 1200 1158 fint,
1225 1057 1339 1160 quibus
1356 1061 1501 1163 predica.
1554 1062 1602 1140 Et
1620 1068 1659 1139 in
1682 1065 1780 1144 libro
1802 1069 1851 1147 de

563 1162 710 1237 auam
730 1165 897 1261 ebullient
913 1164 963 1259 r),
988 1163 1053 1238 vbi
1068 1160 1116 1237 de
1138 1174 1186 1238 eo
1202 1182 1343 1262 genere
1365 1160 1511 1239 dicendi
1534 1162 1716 1266 loquitur,
1742 1167 1850 1267 quod

559 1264 699 1367 grandis
711 1266 887 1364 eloquentie
902 1262 1054 1358 dicatur,
1069 1265 1134 1339 ait:
1161 1259 1336 1360 Nnnserne,
1357 1263 1517 1359 fidicenri
1535 1265 1677 1340 c'rebrine
1698 1265 1737 1348 el
1755 1272 1846 1344 uehe-

561 1376 703 1439 mentina
713 1371 920 1457 acclametur,
943 1364 1015 1437 ideo
1023 1362 1198 1460 granditer
1207 1363 1367 1463 putandus
1387 1367 1426 1463 est
1446 1365 1568 1440 dicere:
1595 1369 1724 1442 Grande
1738 1392 1845 1466 antem

559 1494 658 1567 genus
670 1466 998 1571 plerumquepondere
1006 1465 1067 1564 salo
1081 1462 1378 1562 vacespreenir,sed
1387 1470 1710 1567 lacrimnsexpre'mir.
1760 1473 1845 1551 No·

564 1591 640 1647 ratu
665 1569 823 1672 dignum
848 1569 1060 1668 exemplum
1085 1586 1209 1642 narrat
1235 1563 1409 1662 effetus,
1444 1593 1558 1668 quem
1584 1596 1689 1672 unus,
1706 1569 1753 1649 de
1774 1571 1845 1653 suis
1966 1649 1972 1656 .

559 1669 671 1772 ipfius
685 1669 939 1759 sermo'nibus,
960 1688 1058 1745 certa
1072 1665 1232 1767 quadam
1248 1665 1440 1745 occasione
1461 1672 1651 1763 recitatus,
1675 1672 1843 1751 habuerit

560 1772 823 1850 inauditorum
839 1773 991 1848 animis..
1044 1770 1218 1871 „Quum,
1242 1777 1371 1870 lnquit,
1398 1770 1498 1868 apud
1520 1768 1690 1872 cefiz'reem
1711 1781 1842 1850 Manri-

562 1883 679 1969 „rane'n
698 1874 844 1976 populo
868 1870 1110 1948 dissuaderem
1137 1893 1303 1978 pagiuam
1327 1871 1494 1966 ciuilem,
1525 1876 1583 1951 uel
1604 1880 1728 1978 potius
1744 1878 1843 1979 plu's·

559 2001 693 2075 „quam
708 1978 873 2070 ciuilem,
896 1995 1008 2071 quam
1034 1992 1217 2057 cateruam
1235 1970 1435 2047 vocabant:
1461 1974 1599 2072 Neque
1620 1979 1719 2054 enim
1743 1980 1843 2056 ciues

560 2075 862 2174 „tantummodo,
887 2095 1019 2150 verum
1039 2072 1148 2146 etiam
1163 2073 1388 2170 propinqui,
1404 2068 1555 2166 fratres,
1605 2073 1769 2153 ostremo
1784 2101 1862 2178 pa.

559 2196 705 2277 „remea
725 2204 768 2255 ac
781 2176 870 2261 filii,
897 2170 1077 2273 lapidibus
1096 2170 1194 2247 inter
1212 2168 1248 2248 se
1267 2169 1411 2247 induas
1426 2189 1549 2271 partes
1589 2173 1685 2274 iuifi,
1702 2200 1771 2280 per
1783 2178 1843 2254 ali·

559 2302 677 2384 „quot
692 2280 769 2359 dies
785 2277 1001 2365 continuos,
1026 2272 1064 2349 dr
1081 2293 1184 2350 certo
1200 2293 1376 2374 tempore
1392 2273 1478 2348 anni
1501 2272 1713 2355 solemniter
1738 2276 1843 2355 dimi·
1879 2287 1881 2292 ’
2000 2363 2014 2380 ,

559 2385 729 2481 „cabant,
753 2383 790 2458 ἃ
811 2376 966 2476 quisque
986 2397 1028 2452 vt
1047 2396 1235 2474 quemque
1250 2392 1418 2474 poterat,
1444 2371 1655 2456 occidebat:
1681 2380 1843 2482 ligiqui·
1877 2422 1879 2425 >

559 2485 666 2582 „dem
684 2481 894 2586 granditer,
916 2497 1093 2575 quantum
1119 2476 1237 2570 valui,
1262 2497 1303 2553 vt
1316 2494 1390 2551 tam
1412 2474 1559 2554 crudele
1579 2499 1689 2578 atque
1704 2483 1841 2575 inuete-

520 2666 522 2669 ,
560 2609 700 2684 ,patum
727 2579 929 2660 malum-de
958 2574 1132 2656 cordibus
1154 2576 1372 2654 &moribur
1393 2580 1527 2654 eorum
1545 2579 1741 2658 auellerem
1764 2581 1840 2684 pel·

563 2689 779 2787 „leuemque
802 2680 962 2760 dicendo
985 2708 994 2752 ε
1032 2680 1128 2757 Non
1158 2691 1282 2758 tamen
1308 2696 1343 2755 e'
1359 2676 1420 2755 ille
1441 2680 1579 2777 aliquid
1608 2701 1676 2759 me·
1695 2685 1843 2785 putaui,

558 2847 579 2889 „
605 2809 695 2868 uum
718 2809 786 2865 eos
809 2781 975 2863 audirem
1000 2779 1256 2872 acclamantes,
1281 2777 1320 2856 se'
1368 2803 1482 2877 quum
1505 2781 1637 2861 rentes
1662 2785 1842 2862 viderem

559 2815 917 2992 ,declamationibus
941 2884 1084 2983 quippe
1106 2878 1307 2957 se-doceri¹
1321 2879 1360 2958 dc
1382 2879 1574 2976 delectari,
1598 2882 1697 2962 flesti
1718 2905 1842 2965 autem

560 2994 742 3094 „lacrimis
769 2987 988 3067 indicabant.
1028 2997 1030 3001 '
1058 2980 1166 3084 Quas
1187 2980 1255 3090 vbi
1271 2979 1439 3088 adspexi,
1468 2984 1615 3066 inanem
1636 2987 1734 3066 illam
1756 3011 1846 3066 cou-
1907 3007 1909 3012 ·

559 3093 810 3198 ,ineruditam
832 3088 1028 3193 apartibus
1050 3085 1088 3163 dt
1102 3088 1178 3164 auis
1199 3086 1387 3262 lonffieque
1407 3088 1637 3167 amaloribus
1653 3088 1845 3192 traditam,

557 3219 667 3299 „quae
685 3191 837 3292 pectora
858 3214 989 3270 eorum
1014 3185 1193 3266 hostiliter
1218 3187 1270 3264 ob
1297 3185 1429 3268 debat.
1455 3186 1517 3262 vel
1538 3191 1669 3287 potius·
1689 3188 1844 3289 poffide·

558 3301 673 3400 ,bam
715 3289 912 3387 deuiliam,
947 3311 1143 3388 autequam
1176 3286 1296 3385 reipsa
1321 3285 1358 3361 id
1383 3283 1652 3385 ostenderent,
1692 3288 1846 3372 credidi.

560 3402 759 3502 „Moxque
773 3390 943 3469 sermone
962 3388 1070 3465 finito
1088 3387 1134 3463 ad
1148 3385 1311 3483 agendas
1335 3385 1418 3460 Deo
1438 3386 1573 3484 gratias
1596 3385 1710 3487 corda
1731 3412 1844 3489 atque

561 3527 648 3601 „ora
662 3493 850 3589 conuerti.¹
894 3490 942 3568 Er
957 3511 1044 3568 ecce
1065 3489 1138 3565 iam
1160 3483 1277 3562 ferme
1295 3482 1384 3562 olio
1399 3487 1458 3563 vel
1482 3488 1638 3589 amplius
1661 3494 1745 3570 anui
1760 3491 1844 3576 suut

563 3602 753 3711 „propitio
768 3590 939 3683 Christo,
963 3613 1011 3670 ex
1031 3613 1108 3690 quo
1132 3587 1207 3664 illic
1223 3579 1312 3668 nihil
1336 3586 1407 3665 tale
1427 3590 1703 3689 tentatumest.„
1754 3595 1842 3679 His·
1869 3687 1872 3692 ¹

563 3711 603 3789 'ce
617 3703 734 3793 addit,
756 3696 828 3777 elle
844 3696 969 3773 &alia
986 3689 1098 3776 multa
1118 3689 1388 3790 experimenta,
1414 3688 1546 3790 quibus
1561 3690 1749 3793 didicerit,
1774 3699 1843 3786 hm

535 3869 539 3884 ,
563 3810 699 3903 mines,
714 3795 804 3903 quid
816 3798 855 3875 in
870 3798 922 3875 eis
937 3791 1066 3873 fecerit
1082 3791 1252 3894 sapientis
1267 3788 1454 3894 granditas
1469 3790 1661 3886 dictionis,
1680 3822 1760 3876 non
1772 3795 1842 3879 'class

562 3932 670 3992 more
685 3905 828 4009 potius,
850 3922 961 3998 quam
978 3895 1120 4000 gemitu
1130 3935 1148 3991 ,-
1164 3890 1363 3993 aliquando
1376 3895 1487 3970 etiam
1501 3894 1679 3992 lacrimis,
1701 3899 1843 3997 postre-

564 4037 628 4092 mo
643 4010 727 4087 vitae
740 4003 963 4096 mutatione,
987 3991 1213 4075 monstralle.
1264 3995 1316 4071 Vt
1339 3991 1433 4072 adeo
1455 3993 1503 4073 de
1523 3995 1576 4094 pii
1597 3995 1705 4074 huius
1725 4005 1842 4100 patric

517 4169 524 4190 .
563 4112 738 4196 sententia
759 4108 900 4205 optima
923 4099 1104 4191 sermonis
1127 4093 1275 4194 eiusque
1297 4113 1449 4173 ornatus
1473 4097 1548 4171 laus
1562 4092 1622 4192 fit,
1639 4094 1681 4174 .st
1701 4101 1842 4187 audito·

565 4241 649 4295 rum
666 4209 908 4313 percellantur
924 4203 1055 4300 animi,
1075 4196 1162 4278 stad
1179 4195 1307 4276 fletum
1326 4217 1635 4275 commoueantur
1641 4257 1654 4298 ,
1672 4197 1761 4283 stad
1773 4209 1840 4288 οι»

566 4353 1840 4392 Μ

521 4471 535 4490 ,,
591 4435 639 4518 1,)
661 4420 812 4584 wiffam·
831 4416 1000 4480 acroam
1017 4393 1110 4479 uita.
1134 4411 1187 4484 ua.
1208 4383 1413 4475 iunium.

613 4515 715 4613 Bing
744 4499 927 4583 ‚Volva
1413 4482 1482 4570 Bb
1790 4492 1843 4572 se·
