4734 5442
548 551 608 674 ἵζε
729 591 732 598 “
769 571 947 650 iaromir
971 565 1299 645 rccrrsrtt'rrcrtwti
1321 562 1390 648 r'n‘:
1406 564 1474 641 itt.
1487 563 1558 646 cti.
1572 569 1624 642 Μ

892 699 1057 721 m

780 841 842 924 De
863 840 1009 948 diuersas
1030 740 1154 918 ωηιξη
1170 837 1415 918 concionandi
1429 835 1622 919 methodis.

665 950 941 1040 Pnorrrrvu,
963 947 1070 1050 quod
1086 945 1356 1025 obseruandum
1371 946 1483 1028 nobis
1504 949 1688 1044 occurrit,
1708 943 1855 1031 diuersa

561 1051 644 1134 sunt
657 1078 795 1156 genera
810 1049 1021 1132 sermonum
1046 1046 1255 1126 &diuersa
1275 1045 1445 1126 methodi
1468 1045 1726 1129 concionandi
1774 1052 1854 1128 lam

563 1154 838 1240 obseruauintus
867 1145 1202 1251 *)‚'differentiam
1226 1147 1425 1245 quamdam
1451 1149 1548 1226 inter
1578 1147 1769 1228 sermones
1801 1142 1850 1225 ati

564 1255 848 1334 catechumenos
889 1249 1139 1329 &sermones
1177 1246 1225 1324 ad
1256 1246 1384 1325 fideles
1422 1246 1573 1325 habitos
1602 1245 1853 1336 intercesstiset

564 1354 709 1432 Verum
728 1355 804 1432 hoc
827 1352 1014 1454 praecipue
1033 1348 1080 1426 ad
1102 1349 1293 1428 materiam
1312 1347 1351 1425 ἃ
1364 1371 1404 1423 ar
1433 1370 1626 1426 umentum
1647 1373 1780 1428 eorum
1801 1369 1852 1428 at·

568 1454 718 1534 tinebat.
771 1451 892 1556 Quod
909 1449 1084 1529 hocloco
1097 1448 1390 1544 obseruamus,a
1441 1450 1624 1526 rationem
1648 1449 1686 1526 ἃ
1707 1447 1851 1527 metho-

568 1555 661 1634 dum
676 1550 923 1633 concionandi
938 1553 1065 1653 potius
1081 1546 1238 1650 spestat,
1263 1573 1341 1648 quo
1358 1547 1528 1648 respestu
1551 1551 1592 1626 in
1613 1569 1775 1649 quatuor
1782 1571 1854 1724 ge·

570 1681 659 1736 nera
674 1652 999 1756 distinguebantur.
1049 1647 1164 1727 Erant
1188 1659 1218 1740 ι)
1232 1646 1483 1750 expositiones
1496 1648 1704 1750 scripturae,
1728 1649 1766 1747 2)
1797 1669 1855 1727 er·

571 1761 705 1835 mones
722 1754 941 1855 panegyrici
956 1753 995 1826 in
1009 1746 1152 1827 sanstos
1168 1749 1205 1826 ἃ
1220 1769 1425 1924 maranes,
1448 1771 1467 1846 3
1506 1745 1695 1827 sermones
1716 1750 1758 1823 in
1775 1747 1855 1848 spe·

531 1879 536 1889 ·
572 1857 721 1933 cialiora
744 1875 936 1952 tempora,
967 1848 1175 1927 occasiones
1201 1848 1240 1927 δι
1260 1847 1298 1925 fe
1329 1850 1489 1935 iuuaret,
1519 1857 1570 1946 4)
1595 1847 1785 1928 sermones
1806 1847 1856 1926 de

484 1953 489 1964 ’
572 1956 597 2035 s
617 1955 843 2034 ecialioribus
863 1949 1038 2030 dosirinis
1060 1949 1098 2028 ἃ
1122 1941 1352 2050 argumentis
1372 1948 1594 2046 moralibus,
1620 1946 1666 2024 ad
1680 1946 1855 2025 illustran-

497 2061 499 2067 '
600 2080 660 2134 am
678 2057 870 2132 veritatem
887 2073 1019 2127 contra
1031 2047 1207 2144 haeresrn,
1226 2049 1264 2125 ἃ
1281 2045 1619 2126 commendandum
1634 2049 1778 2126 virtutis
1793 2071 1855 2126 ex·

573 2155 742 2234 ercitium
775 2154 814 2228 in
849 2148 1089 2251 oppofitione
1124 2149 1311 2249 prauitatis
1343 2172 1493 2227 morum
1517 2169 1627 2246 atque
1650 2147 1855 2250 impietatis.

570 2254 728 2333 Horam
741 2275 923 2355 generum
938 2248 1342 2349 omniumexemplain
1359 2270 1701 2330 curusosrouo
1723 2249 1762 2327 ἃ
1783 2271 1855 2325 rv-

576 2377 799 2449 ovsrruo,
824 2347 1047 2451 peritissimis
1063 2348 1134 2423 illis
1152 2350 1459 2426 concionatorum
1473 2350 1512 2424 in
1526 2347 1675 2426 ecclesia
1691 2356 1800 2424 Grata
1815 2348 1855 2427 &

575 2460 695 2531 latina
710 2451 934 2539 duumuiris,
958 2451 1204 2548 reperiuntur.
1254 2471 1539 2528 rvovsrrtrvs
1562 2446 1712 2548 quidem
1734 2448 1856 2528 homi·

576 2552 645 2632 lias
658 2548 829 2728 guaidam
844 2550 883 2625 in
897 2549 1066 2649 integros
1080 2546 1190 2624 sacrae
1206 2544 1396 2650 scripture
1413 2548 1529 2627 libros
1542 2549 1669 2648 habet,
1693 2573 1857 2631 necnon

501 2683 506 2693 ·
576 2658 618 2731 in
637 2679 660 2754 p
677 2652 794 2729 almos
814 2650 853 2726 ὃ(
872 2649 1104 2748 euangelium
1129 2653 1271 2722 Iorrmis.
1319 2648 1506 2727 Habet&
1527 2650 1633 2748 alias,
1656 2659 1700 2730 ut
1721 2675 1857 2732 vocan-

486 2845 488 2850 .
577 2777 658 2851 tur,
681 2753 721 2827 de
728 2749 872 2851 fitnsiis,
896 2773 978 2847 quae
998 2747 1080 2823 sunt
1103 2747 1330 2826 laudationes
1352 2746 1560 2827 sanstorum
1582 2751 1622 2829 &
1638 2773 1855 2852 martyrum.

577 2856 701 2948 Alias,
725 2851 840 2930 disits
859 2848 906 2928 de
922 2869 1079 2951 tempore,
1105 2873 1195 2947 quas
1210 2850 1249 2925 in
1263 2847 1514 2927 festiuttatibus
1529 2851 1568 2929 &
1584 2853 1783 2930 maioribus
1803 2853 1859 2935 so·

577 2954 825 3034 lemniratibus
850 2949 1008 3029 eccleslae
1028 2950 1211 3040 recitauit,
1226 2973 1262 3052 e.
1282 2974 1320 3052 g.
1344 2951 1382 3025 in
1402 2952 1607 3048 natiuitare,
1638 2952 1856 3058 epiphania,¹

579 3050 869 3171 quadragesima,
885 3048 1097 3150 parasceue,
1112 3049 1301 3165 pascitate,
1315 3049 1529 3151 pentecoste
1542 3051 1581 3142 ἃ
1593 3051 1720 3132 diebus
1734 3052 1855 3171 domi·

579 3149 1858 3354 assensissetassuistissastiszitssu‘sss

580 3356 634 3434 lta
647 3352 810 3438 fimiliter
822 3354 861 3429 in
876 3376 929 3427 etr
939 3373 1226 3444 arsossouo,
1243 3348 1419 3429 habemus
1435 3351 1608 3433 homilias
1624 3357 1712 3441 eius,
1724 3355 1859 3437 admo·

453 3467 455 3471 '
582 3454 672 3531 dum
684 3453 1025 3551 commentationis,
1043 3453 1083 3528 in
1107 3471 1229 3530 totum
1252 3452 1387 3544 librum
1415 3459 1553 3556 Genefis,
1573 3456 1611 3530 in
1636 3455 1796 3554 psalmos
1820 3461 1859 3539 ἀ

582 3579 674 3633 euan
706 3558 772 3652 elia
786 3561 819 3630 S.
836 3556 988 3627 Maubai
1003 3553 1040 3628 ὅ(
1062 3559 1095 3628 S.
1114 3559 1263 3644 loannis,
1287 3554 1325 3631 ἃ
1344 3578 1476 3634 omnes
1501 3562 1536 3634 S.
1558 3559 1655 3632 Pausi
1678 3555 1879 3654 epistolas·

580 3654 661 3734 Rur
677 3661 739 3751 us,
763 3676 858 3754 pane
934 3652 1013 3726 icos
1033 3652 1110 3725 eius
1123 3654 1160 3724 in
1182 3651 1326 3728 faustos
1345 3653 1385 3727 &
1400 3669 1582 3750 martyres
1589 3679 1601 3746 3
1624 3655 1807 3732 Homilias
1821 3682 1859 3737 e·

438 3801 443 3818 ι
581 3757 640 3835 ius
660 3756 698 3836 in
720 3775 826 3831 notas
915 3751 1069 3862 'uitates,
1093 3745 1245 3921 fuschs,
1275 3749 1512 3848 pentecosten
1531 3751 1602 3829 &a
1627 3751 1666 3829 ἃ
1691 3754 1859 3848 tandem,

582 3855 745 3935 morales
760 3851 853 3929 illius
872 3849 911 3927 δι
923 3847 1091 3926 dottam
1107 3871 1145 3924 es
1164 3846 1351 3926 sermones
1364 3851 1453 3926 rarii
1464 3850 1694 3954 argumenti,
1718 3850 1765 3930 de
1775 3880 1858 3958 poe·

582 3959 752 4052 nitentia,
775 3951 869 4042 fide,
897 3951 1061 4034 caritate,
1084 3946 1522 4053 humilitate,·religionis
1541 3947 1741 4028 christianae
1763 3961 1859 4036 veri·

581 4077 674 4148 rate,
703 4055 891 4133 diuinitate
917 4054 1118 4140 CHRISTI,
1141 4047 1291 4149 aliisque
1311 4055 1438 4154 magni
1459 4050 1639 4154 ponderis
1659 4055 1857 4160 capitibus,

579 4178 698 4258 prout
710 4175 925 4258 tempotum
939 4152 1033 4229 ratio
1049 4150 1087 4227 &
1102 4149 1300 4243 iudeorum,
1319 4153 1516 4253 gentilium
1535 4177 1577 4230 ac
1595 4152 1859 4240 hereticorum

581 4255 771 4354 oppofitio
785 4253 1024 4334 dehiscebat
1041 4251 1150 4354 plane
1163 4251 1203 4330 &
1220 4251 1443 4332 minaciter
1465 4251 1512 4331 ad
1534 4254 1720 4356 populum
1735 4256 1857 4338 dicen·

306 4436 309 4444 ,
463 4419 479 4434 ,,
578 4354 619 4432 'di
633 4349 701 4456 ipsr
716 4353 891 4451 imposuit
903 4351 1156 4434 nereisrratem.
1208 4351 1385 4430 Homilioe
1403 4354 1503 4446 eius,
1526 4380 1611 4456 quac
1627 4351 1737 4432 instar
1755 4381 1858 4436 com·

1520 4460 1858 4489 m

592 4485 655 4574 „52
675 4485 877 4578 Vter-vus
891 4485 1089 4606 temtus}
1639 4585 1645 4598 ι
1754 4593 1844 4672 m
