4734 5442
639 583 642 591 ι
682 566 762 651 474
784 614 788 621 ,
917 562 1096 616 orremvrt
1109 558 1448 612 rcerrnaarrcurrrt
1465 535 1536 610 uri
1557 541 1614 640 rr,
1636 557 1710 614 me.
1733 557 1772 616 v.

493 703 499 716 ’
582 703 596 808 J
685 732 811 792 menta
825 704 991 807 specialia
1006 709 1031 784 'n
1045 706 1130 782 vito
1143 700 1213 778 isto
1227 699 1342 782 dolio
1355 725 1486 780 contra
1501 700 1760 779 adorationem
1774 701 1983 814 hostiaevr·

623 832 625 837 ·
722 830 846 888 entur.
1276 837 1279 843 ·
1598 876 1602 881 .

690 835 720 917 g
800 912 1079 1013 Argumentum
1092 905 1120 988 1.
1133 903 1280 983 ducitur
1302 904 1516 986 aconstanti
1534 903 1765 1008 scriptorum
1791 902 1988 983 haedere

687 1009 855 1096 'filentio
1150 1075 1152 1080 .

806 1114 1084 1213 Argumentum
1099 1110 1143 1187 il.
1172 1105 1294 1210 Quod
1317 1107 1529 1190 eucharistia
1551 1107 1831 1190 avetustillimis
1852 1103 1988 1185 christi·

579 1259 583 1268 ·
698 1216 777 1295 anie
792 1216 929 1294 eleuata
947 1214 991 1289 in
1015 1209 1122 1292 sacris
1141 1236 1220 1290 non
1233 1208 1364 1311 suerit,
1390 1213 1445 1290 vti
1468 1211 1616 1292 anobis
1632 1235 1791 1311 quoque
1811 1209 1924 1312 supra
1942 1229 1986 1287 ex

660 1375 662 1380 -
701 1327 822 1396 rouo
844 1311 1025 1391 ostensum
1037 1312 1097 1390 est.
1526 1385 1528 1390 .

692 1459 694 1464 ·
810 1419 1087 1518 Argumentum
1108 1412 1167 1493 ill.
1193 1411 1280 1493 inde
1302 1413 1467 1506 ducitur,
1489 1412 1611 1517 Quod
1636 1419 1777 1490 Latinus
1802 1406 1986 1512 puistndae

587 1600 593 1609 ,
704 1516 803 1596 nolae
817 1518 925 1608 ritus,
947 1537 995 1592 vt
1012 1515 1087 1593 hoc
1104 1513 1199 1593 sono
1218 1514 1265 1592 ad
1281 1514 1504 1595 eucharistioe
1520 1515 1797 1600 adorationem,
1820 1515 1986 1612 quicum·

625 1623 628 1631 '
705 1642 781 1720 que
794 1641 880 1695 eum
897 1614 1062 1716 audiant,
1084 1619 1309 1716 excitentur,
1332 1618 1518 1697 veteribus
1540 1615 1742 1694 christianis
1763 1615 1922 1715 ignotus
1938 1611 1986 1688 fu·

707 1740 824 1799 ent..

690 1901 694 1908 ,
711 1895 713 1900 ,
812 1820 1089 1921 Argumentum
1104 1818 1167 1897 lV.
1185 1815 1272 1897 inde
1285 1816 1453 1913 ducitur,
1469 1814 1600 1921 Quod,
1617 1842 1700 1916 quae
1717 1817 1757 1892 in
1771 1813 1986 1916 posteriori·

704 1922 775 2000 bus
794 1918 931 1998 sarculis
945 1918 1143 2014 abundant,
1158 1918 1206 1997 de
1222 1919 1371 1997 adorata
1386 1923 1498 1999 etiam
1512 1913 1536 1994 a'
1549 1916 1668 1996 bestiis
1683 1942 1752 2019 per
1768 1920 1986 1994 miraculum

706 2018 921 2203 acharistia
941 2021 1195 2116 narrationes,
1219 2045 1272 2102 eae
1291 2022 1399 2100 nullae
1417 2022 1648 2122 reperiantur
1668 2020 1707 2097 in
1727 2016 1869 2094 saeculis
1893 2021 1989 2120 prio

768 2146 821 2201 us.
918 2177 923 2187 ι
1579 2169 1582 2174 ·

711 2301 714 2306 .
752 2217 757 2234 '
806 2225 864 2302 Ar
919 2243 1085 2303 mentum
1101 2225 1148 2304 V.
1162 2224 1258 2303 inde
1277 2221 1442 2321 ducitur,
1468 2220 1586 2326 Quod
1610 2242 1758 2300 veteres
1785 2242 1989 2336 numquam

707 2322 853 2426 euchar'
885 2325 1017 2402 iamed
1035 2324 1198 2406 absentee
1213 2352 1299 2404 cum
1313 2325 1386 2404 vlla
1400 2349 1542 2427 pompa
1558 2324 1683 2402 vilisue
1705 2321 1825 2400 cultus
1847 2322 1989 2423 inlrgni·

708 2419 778 2504 bue
795 2425 959 2503 miserint
973 2451 1016 2504 ac
1035 2428 1250 2517 detulerint,
1276 2451 1345 2504 nec
1367 2451 1543 2526 umquam
1563 2425 1625 2503 vel
1643 2425 1734 2502 laetis
1752 2425 1817 2501 vel
1836 2422 1991 2500 aduersa

709 2527 750 2603 ἃ
774 2526 932 2605 tristibus
957 2531 1194 2630 temporibus
1215 2526 1472 2626 exposuerint,
1497 2547 1559 2606 aut
1582 2528 1622 2623 in
1645 2549 1771 2603 rerum
1796 2523 1992 2601 arduarum

653 2679 657 2686 -
707 2622 937 2727 susceptione
961 2650 1003 2702 ac
1025 2629 1218 2706 molimine
1242 2654 1323 2706 enm
1348 2626 1538 2708 adoretint
1562 2630 1601 2706 δι
1622 2629 1857 2726 inuocarint‚
1889 2621 1992 2726 quod

709 2745 835 2808 tamen
851 2725 965 2806 hodie
975 2727 1133 2807 ecciesiae
1153 2732 1339 2829 Romanenst
1352 2730 1518 2809 solemne
1533 2755 1575 2808 ac
1587 2728 1765 2805 familiare
1779 2728 1834 2806 stt.

820 2829 1099 2931 Argumentum
1109 2833 1173 2910 Vl.
1197 2830 1316 2937 Quod
1331 2855 1476 2911 veteres
1492 2830 1673 2909 christiani
1688 2853 1895 2928 numquam
1910 2853 1991 2908 neo·

655 3005 681 3025 ,.
703 2929 857 3033 ¹phycos
889 2931 927 3007 δι
950 2935 1172 3033 prenitentes
1192 2958 1277 3014 ante
1300 2932 1545 3011 eucharistiam
1569 2933 1773 3030 statuerint,
1805 2934 1892 3011 illos
1917 2933 1989 3031 qni·

711 3031 821 3123 dem,
844 3053 885 3108 vt
895 3032 929 3107 ei
946 3038 1081 3134 gratias
1096 3059 1169 3133 pro
1185 3037 1427 3134 generatione
1439 3034 1500 3110 iun
1519 3030 1716 3111 adorantes
1731 3056 1902 3134 agerent,
1914 3035 1990 3125 hoa,

710 3154 756 3210 vt
769 3156 896 3210 coram
914 3156 957 3208 ea
970 3131 1214 3212 satisfacerent
1226 3130 1496 3229 venerabundi,
1519 3136 1585 3234 qui
1605 3137 1698 3212 ritus
1713 3156 1873 3235 vterque
1885 3137 1925 3212 in
1939 3156 1988 3211 ec·

635 3317 637 3322 ,
712 3231 818 3313 clefie
831 3236 1017 3334 Romanerfi
1025 3233 1139 3313 hodie
1155 3234 1329 3314 obtineat.
1447 3321 1450 3326 ,
1659 3235 1664 3244 “

818 3342 1092 3437 Argumentum
1110 3338 1190 3415 Vll.
1258 3334 1334 3413 uod
1355 3353 1499 3414 veteres
1524 3333 1707 3413 christiani
1729 3361 1809 3415 non
1828 3360 1988 3433 commu·

677 3459 689 3472 ·
711 3438 916 3518 nicantibns
939 3463 1142 3540 numquam
1161 3463 1209 3517 co
1252 3436 1360 3517 rilere
1381 3437 1421 3517 δι
1436 3434 1573 3515 sacram
1593 3423 1845 3526 eucharistiam
1867 3439 1989 3518 adora·

709 3563 755 3618 re
768 3537 1019 3640 permiserint,
1045 3539 1149 3640 quod
1165 3561 1287 3620 tamen
1311 3542 1432 3619 facere
1447 3562 1513 3618 eos
1531 3542 1687 3617 omnino
1705 3541 1944 3638 oportuisset,
1964 3535 1990 3617 fi
2041 3579 2046 3600 ·

637 3689 661 3696 -
710 3637 962 3717 eucharistiam
976 3666 1115 3718 numen
1132 3639 1203 3719 eise
1216 3639 1448 3720 adorandum
1468 3665 1541 3718 vna
1563 3666 1648 3718 cum
1668 3643 1908 3742 Romanenfibus
1922 3666 1991 3722 cre·

442 3829 455 3844 Ι,
676 3765 678 3772 ·
710 3734 890 3840 didiffent.
932 3738 1015 3842 ¹Sed
1029 3741 1132 3839 quod
1146 3740 1193 3818 ad
1209 3740 1324 3822 solem
1345 3745 1651 3823 communionem
1672 3744 1745 3822 liue
1759 3745 1991 3842 sumnonem,

581 3914 583 3920 ,
703 3835 914 3938 ,institutum
934 3837 1005 3917 elie
1020 3841 1096 3920 hoc
1110 3839 1252 3921 sucrum
1264 3842 1479 3923 censuerint.
1732 3849 1741 3858 “

526 3969 553 4028 ’,
635 4025 637 4034 ,
678 3955 700 3978 ’·
755 3972 757 3978 ’
805 3944 1190 4043 Argumentumvlll.
1206 3943 1326 4048 Quod
1334 3943 1584 4024 eucharistiam
1594 3947 1750 4048 publice,
1758 3948 1880 4048 pelam
1888 3973 1990 4054 aper·

517 4069 553 4130 ,·
593 4090 604 4106 -
710 4061 825 4143 teque
841 4041 1248 4148 circumgestare,(quae
1258 4070 1482 4126 resurretura
1498 4072 1657 4126 turuzto
1670 4052 1696 4141 i)
1719 4051 1905 4150 &ceo-ao.
1917 4075 1991 4154 cta
2044 4129 2046 4152 ,

575 4301 606 4378 Ἰ
679 4303 808 4370 :fmus
823 4302 900 4365 idem
917 4309 1057 4371 lateralia
1079 4307 1201 4371 'salubria
1217 4307 1323 4369 conili-
1365 4309 1420 4372 boa
1438 4313 1517 4374 Ionia
1537 4313 1666 4391 perenm
1686 4314 1834 4379 circulum.
1875 4323 1942 4397 liet,
1961 4335 1991 4385 n

595 4407 597 4412 -
707 4386 790 4454 tuisse
810 4389 847 4449 de
863 4389 1015 4452 venerabuli
1037 4393 1217 4472 eudrariiiia,
1241 4395 1322 4458 cuiue
1361 4397 1454 4476 prime
1478 4396 1573 4458 sronte
1597 4403 1802 4477 pretenditur,
1839 4408 1991 4472 deuotioni

567 4543 573 4562 ,
706 4492 768 4558 erat
792 4477 1182 4570 mouumentum
1202 4481 1319 4568 ebosus,
1361 4496 1475 4571 meta,
1499 4482 1600 4558 lette
1620 4486 1915 4573 toreumatum,
1942 4515 1991 4574 per

1280 4613 1284 4621 ,
1900 4601 1990 4679 wit
