4734 5442
506 752 508 757 ’
538 711 728 836 participet.
760 722 893 824 Qafi
908 746 964 798 cta
975 730 1272 820 arso'stpatve
1292 742 1361 795 nec
1375 714 1654 818 presbyterum,
1670 743 1739 794 nec
1756 716 1830 793 dia·

311 840 320 902 t
545 854 706 917 conum,
729 850 797 902 nec
811 826 1026 922 quempiam
1042 821 1088 898 de
1115 820 1260 919 populo
1282 815 1474 911 habuillet,
1498 813 1563 914 qul
1583 814 1702 893 lecum
1726 841 1831 893 com·

547 923 779 1016 municailet,
799 946 938 1023 praeter
951 920 1060 999 semel
1075 943 1314 1018 perannum,
1337 920 1375 995 in
1395 921 1540 1018 magnis
1561 918 1718 996 ecclesiis
1737 925 1834 991 Anti·

549 1034 641 1109 ocbiae
656 1027 717 1105 vel
731 1025 1004 1122 Constantinopoli,
1031 1022 1114 1118 quia
1132 1020 1237 1097 multi
1253 1021 1301 1096 ita
1315 1019 1549 1120 negligentes
1568 1039 1683 1115 erant,
1701 1040 1742 1094 vt
1763 1018 1836 1096 fre·

554 1129 729 1231 quentius
745 1124 1168 1205 noncommunicarentt
1193 1143 1289 1219 quos
1309 1120 1370 1196 ille
1391 1118 1479 1195 iuste
1501 1118 1742 1220 reprehendit
1767 1118 1836 1217 hy·

551 1229 746 1333 perbolico
762 1248 869 1304 vtens
884 1220 1030 1301 dicendi
1046 1243 1202 1321 genere,
1218 1218 1330 1320 quod
1347 1244 1425 1296 non
1447 1243 1493 1295 eo
1515 1218 1835 1318 interpretandum

552 1329 625 1420 est,
650 1325 749 1424 quali
764 1350 832 1426 per
846 1325 882 1402 se
896 1322 973 1424 ipse
988 1321 1085 1400 solus
1099 1321 1350 1420 participarit,
1368 1317 1430 1395 sed
1448 1320 1553 1419 quod
1567 1321 1674 1397 multi
1691 1344 1837 1422 magnae

555 1454 606 1508 ue
635 1427 803 1505 lectionis
820 1426 875 1503 rei
895 1424 1051 1512 fuerint,
1075 1419 1165 1496 dum
1194 1420 1271 1516 alii,
1293 1419 1452 1520 vtiipse
1470 1442 1837 1498 cnatsosrouvs

556 1454 749 1625 addanae,
772 1527 893 1702 magis
922 1522 1059 1599 adsidui
1081 1518 1195 1597 elleut
1215 1520 1420 1617 maiorique
1437 1522 1522 1598 zelo
1544 1522 1741 1599 feruerent.
1792 1520 1842 1601 Et

557 1626 746 1708 tamende
768 1651 841 1728 pto
868 1621 1026 1702 atilltmis
1047 1619 1266 1699 testimoniis
1287 1618 1359 1724 eil,
1384 1620 1487 1719 quod
1532 1620 1588 1699 ost
1611 1647 1765 1700 omnem
1779 1621 1841 1700 de·

555 1727 835 1818 monstrationis
859 1723 1061 1801 inflandum
1084 1718 1230 1797 adferre
1257 1744 1376 1798 anua
1399 1742 1488 1818 pote
1519 1778 1529 1799 .
1594 1722 1767 1899 Quae-res
1782 1735 1841 1801 ος.

560 1828 702 1918 tendit,
727 1848 870 1904 tantum
892 1825 927 1899 ci
948 1823 1143 1922 negotium
1167 1817 1366 1898 faceilrtum
1388 1822 1428 1896 in
1452 1819 1634 1900 defenden
1663 1822 1844 1923 acunila,

543 1936 646 2033 'quae
671 1924 821 2004 defendi
840 1949 919 2003 non
942 1920 1082 2022 potest,
1122 1942 1302 2020 quantum
1332 1945 1384 1997 tu
1399 1946 1465 1999 tto
1479 1948 1502 1998 c
1517 1939 1580 1999 au
1594 1947 1683 2001 rto
1713 1927 1845 2023 tertio,

560 2026 715 2130 quando
731 2028 770 2106 in
783 2023 1045 2126 respondendo
1058 2019 1104 2098 ad
1126 2021 1399 2115 obiestiunem',
1423 2047 1507 2123 quae
1527 2022 1602 2102 hoc
1620 2047 1844 2126 argumento

452 2215 456 2222 ,
561 2151 610 2207 vr
639 2149 737 2206 etur:
762 2126 855 2301 Q
870 2123 976 2226 pallo
990 2120 1159 2200 lucendus
1174 2122 1297 2200 dicere
1312 2120 1441 2223 poffit,
1453 2131 1552 2199 Orate
1559 2147 1620 2241 pro
1635 2123 1818 2224 mesraoros
1825 2154 1844 2215 ,-

562 2152 696 2306 videns
710 2227 746 2305 le
764 2226 804 2303 so
821 2251 883 2302 um
898 2221 1036 2318 adelle,
1061 2228 1211 2300 nemine
1228 2223 1506 2302 circumstante?
1532 2225 1654 2322 dicere
1676 2229 1720 2325 a)
1741 2229 1845 2330 cogi·

563 2339 646 2420 tur,
670 2329 731 2428 pie
745 2324 970 2422 credendum
984 2320 1075 2414 elle,
1105 2322 1209 2424 quod
1229 2324 1352 2426 angeli
1372 2324 1445 2402 Dei
1459 2329 1614 2406 comites
1626 2325 1791 2406 adsistant
1805 2355 1848 2408 o·

561 2431 738 2509 rantibus.
804 2424 925 2526 Quod
942 2422 1156 2524 responsum
1172 2424 1314 2502 nodum
1334 2450 1415 2502 non
1439 2426 1486 2527 t)
1512 2425 1628 2504 soluit.
1692 2427 1796 2507 Licet
1810 2453 1847 2508 e·

566 2530 648 2620 raim
661 2525 776 2602 adsint
788 2549 832 2600 an
862 2527 931 2619 eli,
952 2523 1169 2602 nonadsunt
1192 2547 1316 2602 tamen
1329 2546 1518 2624 tamquam
1532 2531 1851 2610 communicantes

497 2650 505 2687 a
566 2551 925 2706 admanducandum
942 2623 980 2701 δι
997 2623 1199 2701 bibendum
1212 2648 1350 2725 corpus
1365 2626 1630 2730 aclanguin'em
1650 2637 1849 2714 CHRISTI,
1922 2655 1924 2661 ·

491 2815 495 2820 ,
565 2729 706 2824 Neque
727 2723 897 2802 sacerdos
916 2722 1130 2802 iudicandus
1155 2723 1207 2802 est
1227 2725 1349 2803 dicere
1370 2725 1474 2826 polle
1496 2730 1655 2832 angelis,
1685 2742 1850 2836 Accipite,

566 2829 666 2917 edite,
679 2830 737 2902 boc
749 2849 977 2930 qepusmeunt
990 2829 1050 2927 cst5
1074 2824 1308 2904 ex'mandato
1324 2833 1516 2904 CHRISTI·
1566 2832 1685 2932 Igitur
1706 2834 1781 2912 line
1796 2838 1850 2914 vl·

565 2929 603 3006 la
626 2924 877 3006 controuerfia
898 2928 1018 3026 palam
1033 2924 1101 3020 est,
1126 2925 1249 3023 quod,
1274 2924 1348 3004 siue
1365 2928 1639 3009 consideremus
1659 2935 1850 3020 institutio·

564 3052 655 3107 nem
681 3025 817 3127 ipsam3
846 3025 919 3103 fiue
946 3027 1077 3126 praxin
1102 3024 1361 3127 apostolorum
1385 3028 1423 3105 δι
1450 3029 1607 3106 ecclefiae
1635 3037 1852 3134 primitium

563 3128 640 3208 fiue
664 3150 837 3218 tenorem
863 3128 1034 3203 omniunt
1062 3148 1234 3201 veterum
1261 3127 1513 3228 liturgiarum,
1550 3151 1641 3228 quas
1667 3135 1782 3215 lellor
1811 3142 1851 3218 in

437 3327 440 3332 Ι
565 3235 671 3328 utu.
687 3248 921 3304 cunutaao
936 3237 969 3317 Ζ)
989 3223 1161 3302 collectas
1176 3227 1337 3328 reperiet
1348 3250 1420 3305 vna
1436 3251 1520 3306 cum
1538 3256 1687 3332 patrum
1702 3239 1739 3313 in
1755 3239 1851 3319 hanc

1681 3367 1851 3394 Μ

463 3471 468 3476 ,
610 3410 647 3487 x)
668 3407 862 3470 Innocent.de
873 3404 946 3466 offic.
959 3399 1102 3471 miiloelib.
1112 3405 1191 3471 ll,c.
1232 3404 1404 3484 Piequoqur
1414 3410 1586 3471 credendum
1599 3411 1651 3487 eil,
1670 3415 1853 3484 dulcerium.

395 3494 399 3502 .
571 3495 676 3596 gpfflv,
685 3511 731 3570 ap.
742 3492 899 3561 luelartic.
907 3493 930 3556 1.
940 3510 970 3569 p,
981 3509 1017 3567 51·
1025 3489 1115 3591 (pap.
1122 3490 1191 3551 eutr.
1233 3487 1406 3593 &odtatibua
1422 3495 1640 3573 comprobatur,
1659 3506 1737 3579 quod
1753 3512 1850 3592 angeli

565 3578 641 3654 laps.
665 3576 878 3653 MDxxxw.)
898 3574 1039 3635 Staturum
1051 3575 1089 3635 eil
1106 3594 1137 3635 tn
1149 3573 1191 3634 sa·
1231 3577 1286 3633 Det
1302 3592 1420 3639 comitet
1437 3577 1569 3642 adsiliunt
1587 3585 1746 3664 orantibut,
1770 3593 1852 3658 iuxta

427 3715 432 3725 ,
556 3664 622 3763 arla
632 3659 804 3733 canonibus,
819 3662 953 3759 utnullue
966 3657 1190 3740 presbyterorum
1231 3659 1302 3720 illud
1323 3662 1533 3740 propheticum:
1550 3672 1585 3728 lo
1601 3671 1749 3751 conspeetu
1765 3697 1853 3766 ange·

569 3741 713 3810 mitrarum
729 3743 860 3802 solemnia
876 3743 1014 3804 celebrare
1031 3745 1190 3825 praesumat,
1231 3746 1330 3824 toran
1340 3747 1451 3825 psallam
1461 3747 1583 3822 tibldoe.

451 3847 462 3858 ..
569 3827 624 3894 ‚pfl
635 3827 747 3890 duobm
761 3825 1190 3906 prasentibuafflbiquerespon·
1275 3830 1675 3920 y)130nalib.11.·c.v.§l.
1698 3845 1853 3913 llocdeltt·

434 3999 438 4008 Ι
569 3909 720 3988 walbu,
737 3911 793 3992 lpst
808 3915 905 3973 terim
922 3912 1064 3981 Ιιιῐκιιιιι.
1112 3917 1190 3994 Qia
1231 3912 1534 3999 deantiquatumfuir,
1548 3927 1686 4005 nunquia
1700 3933 1851 4002 celebranti

568 4019 662 4085 quum
680 3999 823 4076 pluraliter
838 3996 874 4060 ab
889 4015 925 4056 eo
941 3997 1064 4075 dicitur,
1086 4002 1193 4061 Doml-
1232 3998 1321 4061 adesse
1340 4004 1487 4067 credantur
1502 4009 1613 4089 angeli,
1632 4028 1669 4073 n
1681 4014 1729 4092 pt'e
1736 4017 1851 4104 scripfi,

498 4109 500 4114 .
570 4083 802 4154 „meobiscumt
823 4089 861 4148 Et
877 4086 946 4188 illud
961 4084 1130 4190 insecteris:
1152 4087 1193 4150 0·
1234 4085 1412 4154 Innocentius
1431 4092 1489 4154 111.
1508 4090 1557 4153 lt'b.
1573 4093 1613 4155 Π.
1633 4098 1667 4160 de
1677 4105 1754 4185 myst,
1769 4107 1854 4189 moffae

568 4187 630 4238 rate
647 4191 698 4251 pro
715 4191 775 4242 me,
801 4170 967 4251 apemil'tme
984 4187 1136 4246 conuenit,
1161 4187 1194 4236 at
1232 4189 1257 4241 t.
1273 4176 1330 4237 XX
1334 4176 1449 4260 unast
1460 4196 1494 4238 ex
1502 4178 1686 4260 hocinferret,
1696 4209 1850 4276 numquam

570 4258 647 4322 iltius
665 4254 826 4319 salutationi
848 4260 1045 4339 respondeamr
1069 4280 1087 4321 a
1107 4260 1192 4341 pluri·
1232 4260 1382 4323 celebranti
1404 4261 1639 4332 deess‘eadssanrta
1650 4272 1703 4341 &c

568 4341 633 4408 but.
676 4344 879 4445 Verumuaiiud
900 4345 937 4405 eil
952 4343 1115 4448 neoess'tratia
1127 4348 1191 4407 arti·
1276 4347 1851 4438 2)Chamier.deencharill.iib.v11.

568 4432 668 4527 udat,
702 4427 734 4492 δι
755 4431 834 4495 uiuo
856 4433 1003 4515 turgionu
1021 4444 1190 4496 contemtu.
1230 4433 1604 4535 cavauxuntxut.
1678 4519 1698 4550 '¹

1705 4541 1710 4549 ’
1766 4579 1849 4641 rem
