4734 5442
382 613 555 667 bretton
569 607 806 662 cnuuvmour
820 609 864 658 rr
880 609 923 657 nn
939 609 1088 659 muron.
1104 608 1172 662 nour
1190 609 1315 660 canna.
1326 611 1368 659 111
1376 611 1593 690 nectum-tq
1607 601 1675 706 58?

941 756 972 852 §.
1026 756 1103 829 Vll.

332 857 334 861 ’
379 854 487 955 Quid
504 876 620 958 opera
641 852 843 961 laborisque
865 862 906 932 in
929 855 1179 958 restaurandis
1192 857 1335 937 crebris
1349 862 1664 967 etfrequentibus

518 966 828 1047 communionibus
837 967 993 1073 postium
1025 976 1125 1046 ruerit
1144 989 1307 1074 tenuare
1323 964 1528 1065 reforma,

574 1099 576 1103 ·
951 1079 1084 1164 tionis.

480 1185 730 1266 Nouutnun
756 1210 884 1288 opetae
907 1185 1114 1288 laborisque
1134 1192 1173 1265 in
1198 1190 1430 1293 corrigendis
1449 1192 1547 1273 hisce
1572 1194 1657 1274 abu·
1712 1285 1715 1290 ,

372 1285 468 1366 sibus
494 1284 803 1386 restaurandisque
828 1284 967 1367 crebris
997 1312 1040 1364 ac
1071 1291 1304 1388 generalibus
1330 1296 1656 1375 communionibus
1759 1307 1762 1314 '

371 1387 455 1466 heic
473 1388 546 1464 illic
567 1386 842 1466 consumserunt
864 1388 976 1489 primi
996 1385 1273 1469 reformatores.
1332 1392 1381 1470 Et
1400 1392 1553 1473 feliciter
1576 1400 1654 1494 qui·
1702 1401 1704 1406 ’

372 1487 461 1565 dem
488 1512 534 1567 eo
560 1513 640 1566 rem
665 1485 923 1578 deduxerunt,
960 1509 1000 1566 vt
1031 1486 1151 1567 missas
1185 1492 1344 1588 priuatus
1371 1493 1508 1593 vbique
1532 1496 1652 1576 abole-

374 1611 474 1667 rent:
513 1613 644 1667 verum
670 1587 880 1666 instauratio
908 1591 1067 1689 antiquae
1087 1589 1380 1676 consuetudinis,
1413 1617 1460 1670 ex
1482 1620 1554 1693 qun
1575 1599 1653 1672 vni·

372 1685 473 1768 versa
489 1688 636 1768 ecclesa
651 1686 799 1790 fingulis
815 1687 941 1767 diebus
958 1688 1155 1768 dominicis
1167 1691 1472 1780 communicabat,
1488 1717 1548 1772 res
1564 1716 1651 1786 erat,

314 1855 327 1874 .
399 1814 456 1866 uae
489 1813 567 1867 non
599 1788 694 1867 adeo
720 1787 829 1868 'facile
855 1809 1002 1891 poterat
1023 1789 1137 1878 effici;
1174 1792 1309 1894 partim
1338 1814 1496 1894 propter
1520 1798 1651 1894 ptoeiu·
1747 1851 1750 1856 -

371 1817 506 1968 dicatas
528 1890 727 1968 hominurn
750 1891 969 1990 opiniones,
1002 1914 1086 1990 quae
1120 1912 1166 1966 ex
1205 1896 1398 1971 contrariae
1426 1892 1651 1973 consuetudi
1720 1893 1724 1898 ’

369 1993 428 2070 nis
459 1996 497 2066 vi
529 2012 572 2063 ac
603 1989 839 2069 diuturnitate
870 2015 1003 2068 eorum
1039 1990 1221 2070 mentibus
1253 1990 1481 2089 insederan13
1517 1997 1650 2094 partim

369 2113 526 2195 propter
552 2091 749 2180 vitiorum,
773 2114 887 2187 quem
905 2089 1120 2169 retinebant
1147 2092 1338 2184 mortales,
1371 2116 1560 2190 amorem,
1586 2097 1652 2194 qui
1755 2145 1766 2162 ·

370 2215 436 2271 eos
449 2214 527 2268 non
542 2189 679 2271 sinebat
701 2189 747 2267 ad
775 2189 953 2269 eiusmodi
979 2191 1015 2268 se
1043 2191 1282 2270 conformate
1299 2191 1520 2282 institutum,
1545 2193 1649 2294 quod
1716 2195 1718 2200 '

370 2291 597 2371 constantem
623 2293 754 2369 animae
780 2293 977 2392 puritatem
1003 2292 1040 2370 dt
1071 2292 1330 2371 conscientiam
1353 2293 1536 2373 anelitus
1561 2297 1651 2372 scm·
1693 2301 1695 2305 ’

368 2418 438 2496 per
454 2417 606 2470 vacuam
622 2394 800 2489 requirit,
826 2413 868 2469 vt
886 2391 991 2493 digni
1012 2391 1232 2489 reddantur,
1258 2398 1322 2492 qui
1336 2393 1486 2494 fingulis
1508 2395 1649 2472 hebdo·
1789 2473 1792 2478 .

367 2493 537 2573 madibus
579 2494 637 2571 vel
669 2491 799 2570 diebus
832 2493 1134 2572 communionem
1175 2494 1362 2596 recipiant.
1439 2496 1648 2574 locarunt
1743 2553 1746 2558 ·

365 2617 611 2679 cervinus,
650 2593 714 2669 vbi
740 2594 903 2692 primum
932 2601 1090 2690 Genuam
1116 2596 1238 2692 venit,
1275 2594 1516 2674 vehementer
1541 2598 1649 2674 omni

365 2694 484 2772 studio
501 2693 611 2794 atque
628 2717 744 2793 opera
763 2693 981 2788 elaborauit,
998 2718 1041 2774 vt
1055 2695 1277 2774 menstruam
1297 2697 1359 2773 vel
1377 2699 1487 2773 etiam
1506 2695 1648 2775 hebdo·

365 2794 549 2873 medalem
579 2795 883 2871 communionem
911 2792 1130 2879 restitueret,
1163 2813 1296 2892 vtpote
1325 2795 1579 2892 apostolorum
1608 2797 1647 2874 &

364 2893 522 2978 ecciesrae
543 2893 741 2997 primitiuae
762 2893 866 2990 praxi
884 2896 1043 2970 maxime
1058 2890 1343 2970 consentaneam.
1393 2895 1554 2971 Multum
1573 2922 1645 2998 pro

347 3023 407 3078 ‚ea
431 2994 683 3094 contenditjin
701 2993 949 3094 institutionibus
958 2991 1026 3078 fiais
1043 2995 1098 3092 1),
1135 2993 1198 3070 vbi
1224 2994 1522 3074 consuetudinem
1545 3001 1647 3098 papi·

365 3100 505 3182 sticam,
539 3122 622 3196 quae
647 3095 757 3172 semel
784 3097 980 3194 quotannis
1006 3096 1280 3173 communicare
1305 3097 1425 3180 iubet,
1446 3119 1647 3197 tamquam

367 3195 603 3275 certissimum
629 3196 764 3272 diaboli
789 3201 1001 3287 inuentum,
1026 3194 1185 3272 damnat.
1252 3197 1394 3273 Verum
1421 3198 1500 3292 ille,
1536 3225 1649 3297 quan·

367 3299 504 3378 tumuis
519 3293 680 3383 annisus,
703 3319 750 3372 ne
772 3296 923 3394 quidem
937 3298 1137 3397 impetrare
1160 3297 1298 3395 potuit,
1320 3320 1361 3373 vt
1380 3296 1530 3398 singulis
1550 3324 1651 3376 men·

365 3398 462 3477 subus
484 3421 590 3474 caena
616 3394 879 3490 celebraretur,
915 3395 976 3472 sed
1005 3394 1193 3497 superatus
1219 3397 1473 3476 incenatibus
1497 3399 1568 3476 suis
1597 3399 1646 3476 est

364 3501 403 3579 ἃ
420 3498 567 3578 condius
584 3497 790 3575 consentire
810 3497 964 3596 tegulae,
977 3520 1062 3593 quae
1078 3497 1259 3597 populum
1280 3522 1408 3596 quater
1428 3502 1465 3574 in
1480 3498 1647 3600 singulos

362 3625 481 3682 annos
503 3597 966 3676 communicareiubebat.¹
1002 3596 1245 3698 Quamquam
1263 3597 1301 3676 se
1326 3598 1463 3676 curasse
1483 3598 1579 3679 dicat
1598 3601 1646 3702 z)

360 3703 492 3783 referti
511 3704 550 3776 in
566 3698 645 3777 asia
660 3697 825 3798 publica,
845 3694 1019 3775 ¹vitiosum
1036 3694 1106 3775 else
1120 3721 1267 3774 morem
1281 3698 1406 3799 ilium,
1426 3721 1467 3780 vt
1486 3701 1645 3803 posteris

402 3896 436 3984 y)
460 3883 577 3964 Calain,
591 3891 707 3958 1111111111,
721 3889 770 3959 lib.
789 3894 841 3954 lV.
855 3889 984 3952 cxvii.
1027 3887 1080 3954 bns
1092 3905 1203 3950 arenam
1217 3885 1486 3951 celebrercmaximc
1498 3890 1580 3952 nobis
1588 3897 1650 3974 pia·

361 4007 440 4052 num.
458 3985 560 4044 XLVl.
591 3984 626 4037 Et
639 3974 703 4038 sane
721 3976 782 4039 hoec
796 3973 983 4048 consuetudo,
1025 3990 1113 4036 cereta
1134 3971 1224 4034 modo
1241 3993 1277 4034 nc
1292 3973 1353 4035 asna
1367 3973 1538 4055 frequentior
1557 3981 1646 4062 negil-

360 4093 422 4155 quae
442 4071 524 4130 semei
540 4066 693 4145 quotannis
708 4064 919 4124 communicare
934 4062 982 4118 iu·
1024 4064 1150 4142 gentiam
1167 4059 1262 4136 pariat.
1303 4062 1466 4141 Nemdum
1481 4066 1643 4142 maiorpata

358 4157 423 4230 bct,
439 4150 619 4219 certissimum
634 4151 671 4211 esi
693 4146 799 4207 diaboli
813 4150 980 4206 inuentum:
1023 4165 1040 4206 a
1059 4146 1263 4204 communione
1280 4144 1411 4218 abstinet,
1430 4149 1645 4226 quodammodo

358 4243 555 4320 cuiuscumque
566 4237 682 4299 tandem
698 4233 852 4294 minislerio
869 4228 980 4292 inae&
1022 4225 1167 4308 dissipatur
1200 4227 1320 4291 ecclesie.
1385 4235 1518 4294 Malimus
1547 4249 1641 4296 tamen

359 4330 451 4392 fuerit,
1023 4313 1139 4397 lingulis
1165 4312 1308 4376 mensibus
1329 4317 1451 4378 ¹inuitari
1483 4317 1641 4393 ecclesiam,

401 4418 435 4493 z)
458 4408 571 4474 Calain.
583 4402 703 4486 respons.
715 4407 751 4466 de
764 4402 980 4487 quibusdamdo-
1022 4421 1107 4483 qnam
1129 4415 1227 4483 quater
1249 4401 1386 4464 duntaxat
1401 4405 1432 4462 in
1449 4400 1573 4489 singulos
1592 4427 1642 4466 nn.

360 4503 424 4569 eles.
442 4495 541 4560 ritibus
561 4511 626 4576 pag.
642 4497 707 4556 206.
735 4495 863 4577 Singulis
880 4487 980 4554 menfi-
1023 4507 1090 4548 nos:
1105 4504 1143 4558 ¹vt
1159 4487 1237 4568 apud
1254 4507 1307 4552 11111
1328 4489 1389 4552 ficri
1411 4489 1489 4561 solet,
1572 4512 1642 4552 num

1009 4571 1128 4692 Eece
1155 4595 1176 4673 3
1337 4663 1342 4668 ,
1553 4573 1638 4652 faci·
