4734 5442
564 561 606 630 de
621 564 767 628 utvrrstt
774 559 913 652 ortum.
924 547 1023 628 citer
1039 550 1169 630 uoueri
1185 551 1574 656 conmemorare.
1586 559 1752 666 lumini.
1769 583 1840 672 433,

545 671 1831 708 -------...-..-..........-......,.

548 721 693 800 ristinm.
750 742 1065 798 ururruutuvs
1097 743 1209 822 vrget
1227 722 1398 800 crebram
1414 732 1643 808 mentionem
1666 755 1833 812 commu·

549 826 673 904 nionis
698 823 820 916 laicae,
856 825 901 896 ad
929 845 1042 918 quam
1065 821 1187 898 clerici
1207 821 1461 922 delinquentes
1486 829 1608 930 redigi
1634 829 1833 912 conlucere-¹

544 927 639 1018 rint,
660 948 817 1021 eumque
831 925 1092 1020 interpretatur
1106 927 1412 1020 communionem
1428 924 1493 1001 sub
1509 951 1581 1004 vna
1597 929 1725 1030 specie.
1774 936 1828 1014 At

542 1048 659 1103 nour
681 1026 774 1100 hunc
790 1023 1065 1101 communionis
1081 1023 1180 1098 laicae
1203 1025 1421 1130 notiouem,
1446 1032 1658 1106 vtomnino
1682 1031 1826 1128 fallam,¹

544 1129 678 1222 reiicit,
716 1125 821 1201 tacite
840 1121 1146 1201 'animaduertens
1172 1126 1210 1200 in
1239 1147 1562 1204 urrunnutuvu
1589 1131 1627 1208 dt
1656 1133 1745 1210 altos
1769 1142 1825 1213 t'e.

543 1230 729 1304 centiores
744 1226 814 1300 suae
828 1223 939 1326 ipsius
953 1221 1108 1300 ecclestae
1126 1225 1535 1324 scriptorestnmquam
1549 1234 1708 1332 untiquae
1724 1233 1825 1311 disci·

543 1330 656 1428 pllnae
673 1330 833 1428 ignaros.
885 1333 1102 1414 recentiores,
1118 1328 1235 1421 inquit
1252 1325 1298 1416 lt),
1311 1337 1369 1426 qui
1382 1327 1493 1402 erudito
1508 1341 1633 1404 nomine
1649 1347 1825 1408 commuui-

541 1438 611 1500 euis
625 1423 760 1528 (lolem)
769 1490 775 1514 ‚
785 1433 857 1499 'elue
871 1436 977 1499 ueteri
990 1435 1114 1499 notione
1127 1427 1282 1522 neglella,
1296 1427 1337 1498 id
1345 1423 1444 1522 solum
1459 1429 1657 1534 concipiunt,
1671 1439 1757 1535 quod
1768 1441 1825 1511 ho·-

540 1531 595 1604 die
609 1557 645 1601 ea
661 1529 945 1626 uecefiguificutur,
962 1531 1078 1599 laicum
1089 1537 1335 1600 communionem
1350 1531 1434 1602 nibil
1439 1531 1531 1602 aliud
1534 1532 1587 1634 effic
1589 1555 1717 1635 pectant,
1727 1561 1824 1636 fuam

537 1641 765 1738 perceptionem
778 1631 970 1726 eucharistie
976 1626 1037 1726 fieb
1049 1637 1143 1700 vetica
1149 1626 1263 1730 speeie,
1278 1649 1335 1700 aut
1347 1649 1444 1702 extra
1457 1637 1615 1730 cancellos,
1628 1663 1717 1710 more
1731 1642 1825 1714 laico·-

539 1759 616 1808 eum
622 1762 639 1820 ,·
663 1729 762 1829 Qud
775 1757 869 1831 quam
875 1727 997 1828 salseun
1008 1733 1065 1824 fit,
1082 1733 1187 1802 velex
1201 1745 1236 1802 eo
1249 1732 1352 1828 liquet
1361 1731 1552 1832 ²‚quo-eifiepe
1564 1738 1693 1809 elericos
1706 1739 1753 1810 ad
1764 1745 1823 1813 lat'·

537 1861 608 1908 cem
620 1842 867 1906 communionem
879 1827 1023 1930 detrusos
1035 1833 1189 1928 legimus,
1209 1850 1412 1934 erumpere,
1434 1858 1497 1932 que
1513 1847 1613 1910 etiem
1628 1837 1770 1939 laicisub
1784 1856 1823 1914 uk

538 1956 655 2038 traque
665 1929 768 2034 specu
792 1930 1072 2008 conmruricalant.
1142 1931 1213 2005 Alii
1232 1953 1493 2032 argumentum
1512 1957 1559 2012 ex
1584 1963 1631 2015 eo
1655 1962 1822 2044 captant,

538 2036 644 2136 quod
671 2055 814 2114 veteres
838 2032 1021 2132 vocabant
1045 2040 1295 2106 communionem
1306 2042 1532 2138 peregrinam,
1552 2060 1665 2136 quam
1690 2041 1822 2120 itidem

537 2137 841 2216 communionem
861 2133 925 2211 sub
952 2134 1059 2209 vnica
1080 2131 1203 2234 specie
1224 2133 1524 2234 interpretentur.
1582 2138 1740 2216 Multam
1762 2167 1824 2219 nu·

537 2258 615 2316 tem
635 2261 790 2336 opernm
814 2257 921 2313 nouat
946 2257 1060 2312 nour
1075 2233 1125 2333 i),
1150 2255 1191 2310 vt
1205 2231 1343 2310 horum
1364 2235 1698 2340 virorumdeteg'nt
1713 2245 1822 2344 igno·

538 2342 713 2431 tantiam,
739 2339 777 2416 ἃ
798 2339 837 2414 in
860 2357 1055 2436 utramque
1079 2335 1186 2411 huius
1206 2337 1482 2412 communionis
1502 2341 1697 2418 notionem
1719 2353 1820 2424 curu*-

538 2460 575 2522 te
593 2442 764 2540 inquirit,
788 2436 1015 2514 concludens
1030 2433 1198 2530 tandem,
1224 2435 1489 2538 quodcumque
1509 2463 1581 2540 per
1595 2465 1675 2518 enm
1691 2444 1821 2522 intelli·

533 2545 663 2645 gutur,
685 2539 991 2618 communionem
1017 2536 1080 2613 sub
1101 2561 1172 2613 vna
1191 2533 1310 2640 specie
1327 2553 1407 2614 nou¹
1422 2541 1534 2618 intelli
1566 2544 1587 2618 i.
1637 2567 1822 2626 nurtur-

532 2665 677 2740 mtuvs
702 2662 882 2743 praeterea
900 2662 1017 2719 vnum
1037 2639 1076 2715 ἃ
1090 2639 1244 2716 alterum
1256 2658 1517 2739 argumentum
1536 2566 1679 2726 lorium
1698 2671 1746 2728 ex
1760 2673 1822 2729 eu·

532 2741 709 2824 charistiae
730 2743 767 2820 in
790 2740 894 2819 vsum
916 2743 1178 2842 tegrotnutium
1201 2735 1463 2832 resonatione,
1490 2743 1528 2820 dt
1548 2769 1596 2824 ex
1612 2749 1751 2847 priuato
1771 2775 1818 2829 rc
1912 2769 1914 2774 ·

532 2843 734 2926 domesticu
750 2843 1034 2930 communione,
1060 2859 1171 3018 riuum
1188 2842 1342 2942 priuatis
1363 2841 1562 2922 christianis
1586 2847 1626 2942 in
1643 2847 1820 2932 domibus

532 2947 623 3042 suis,
647 2947 707 3026 vel
726 2947 763 3024 in
780 2947 930 3040 itinere,
951 2942 1011 3021 vel
1029 2939 1066 3020 so
1081 2941 1221 3019 itudine
1241 2939 1451 3044 permissam
1471 2943 1575 3023 fuille
1597 2945 1706 3050 supro
1724 2949 1820 3052 vidi·

533 3075 634 3136 mus:
659 3073 744 3148 quer
765 3046 1040 3126 communionis
1062 3067 1202 3146 genera
1223 3047 1350 3120 omnin
1365 3044 1429 3121 sub
1450 3071 1522 3124 vnn
1540 3063 1681 3127 tuntum
1696 3049 1819 3154 specie

534 3151 629 3235 lulla
642 3149 734 3245 elle,
749 3165 879 3226 uertit
890 3172 948 3224 ru
959 3170 1064 3224 tuus
1082 3143 1283 3224 contendit.
1333 3145 1445 3222 Enim
1461 3153 1553 3226 veio
1568 3173 1820 3254 praeterquam

536 3253 642 3358 quod
658 3253 732 3329 hoc
748 3248 874 3326 fulsum
891 3275 958 3349 per
974 3248 1010 3326 se
1023 3246 1091 3326 est:
1116 3250 1236 3344 (Nem
1247 3271 1325 3324 nott
1343 3269 1456 3323 vnum
1474 3246 1587 3342 solnm
1603 3249 1664 3330 sed
1682 3267 1818 3334 utrem·

534 3354 781 3457 quespeciem
803 3350 925 3428 inhos
948 3349 1031 3427 vsus
1044 3346 1290 3441 resciderunt,
1320 3349 1373 3424 vti
1392 3372 1483 3424 mox
1504 3349 1736 3449 videbimus)
1761 3373 1817 3438 to.

533 3483 588 3536 no
599 3480 654 3532 un
669 3454 705 3555 t)
724 3451 759 3528 id
774 3477 888 3530 omne
906 3471 1041 3551 praeter
1055 3447 1295 3546 quaellionem
1309 3445 1378 3526 elle
1394 3451 1493 3525 dicit.
1543 3451 1647 3530 Num
1662 3456 1819 3551 questio

533 3581 613 3637 non
635 3553 686 3634 est
704 3555 750 3633 de
764 3555 912 3658 priuata
931 3552 968 3629 u
990 3547 1278 3628 extraordinaria
1303 3553 1589 3654 communione,
1612 3558 1648 3629 in
1670 3547 1817 3660 magne:

535 3653 749 3739 neceffitntis
761 3649 992 3740 cnstbus,sed
1004 3651 1051 3728 de
1065 3650 1228 3754 publica:
1255 3647 1406 3750 Deque
1428 3645 1488 3729 ille
1510 3655 1717 3748 concludit,
1739 3657 1819 3736 nul·

530 3762 613 3838 lum
628 3759 841 3858 exemplum
856 3760 892 3832 in
909 3753 1074 3834 medium
1092 3751 1194 3854 polle
1212 3751 1394 3854 proiectu
1415 3754 1519 3852 quod
1543 3779 1627 3836 unte
1642 3757 1817 3842 surculum

535 3861 797 3938 duodecimum
821 3859 883 3936 litb
902 3881 974 3934 vna
989 3853 1106 3934 solum
1120 3853 1238 3956 specie
1255 3853 1434 3933 celebrate
1451 3855 1505 3934 stt.

578 4033 615 4106 h)
635 4033 714 4091 Bona
725 4051 777 4091 ter.
789 4031 911 4114 liturgic.
923 4027 972 4090 lib.
986 4030 1026 4097 ll.
1041 4045 1066 4092 c.
1082 4025 1157 4086 xlx.
1197 4027 1268 4086 eden
1279 4023 1424 4086 vocabulis
1434 4025 1588 4104 expeelltlle
1611 4062 1664 4079 ··-
1679 4034 1745 4094 ¹lllii
1759 4032 1818 4093 ed.

535 4121 561 4204 ς,
575 4120 626 4180 111,
1192 4111 1360 4180 diruerunt.
1370 4109 1445 4172 nthll
1457 4115 1533 4171 eliud
1545 4110 1612 4188 else,
1626 4135 1711 4194 quam
1724 4133 1818 4194 pereu-

583 4207 609 4286 i)
629 4207 708 4265 Bone
724 4198 792 4268 ibid.
807 4201 833 4281 ς.
844 4201 882 4262 V.
925 4199 1066 4282 Qinam,
1083 4201 1157 4260 luter
1194 4195 1563 4278 ptionemencltetilliaeiub
1574 4203 1818 4282 vnttentnmspe·

538 4309 610 4378 qnos
624 4291 720 4351 Bittius
732 4291 762 4348 in
777 4289 852 4347 notit
870 4286 906 4345 ad
918 4287 1075 4347 concilium
1091 4289 1156 4346 ller-
1195 4287 1248 4345 cie.
1294 4289 1399 4343 verum
1413 4284 1482 4364 qnid
1496 4289 1587 4368 magis
1607 4289 1731 4348 alienum
1744 4307 1762 4350 u
1773 4285 1819 4350 dl·

537 4381 632 4448 densn
645 4375 877 4440 communionem
896 4374 1068 4455 peregrinant
1089 4391 1154 4436 cum
1195 4367 1448 4446 sciplint'eetrrum
1460 4373 1598 4452 petrum?
1612 4372 1668 4436 dtu

537 4467 623 4532 urea
633 4463 821 4528 confundunt,
832 4459 877 4520 sed
892 4478 951 4518 nort
964 4456 1156 4532 ellcredibile,
1207 4469 1213 4482 '
1239 4454 1278 4534 lt)
1295 4459 1367 4521 Bone
1383 4453 1644 4534 tralucentium.
1655 4459 1722 4544 §.L
1743 4456 1816 4528 vic.

539 4567 659 4621 maun
678 4544 819 4611 ecclesiam
837 4549 966 4610 eumdem
976 4563 1036 4610 tem
1045 4541 1159 4612 diuersi!
1196 4539 1279 4626 ὤρη
1290 4539 1406 4604 lubuit
1418 4540 1452 4626 b)
1465 4543 1600 4616 lumin.

583 4631 894 4738 unguuntur
1330 4626 1387 4708 ut
1732 4626 1818 4720 yn«
