4734 5442
652 575 679 656 8
883 575 1063 634 atrorum
1088 573 1422 625 remearasrrctartr
1447 573 1599 623 traam
1627 575 1699 626 eat.
1720 578 1746 626 r.
1781 533 1807 612 ’.

651 753 727 911 Rue
741 727 835 806 adeo
851 723 1004 803 dubium
1018 719 1088 816 est,
1113 709 1225 821 quin,
1249 723 1304 796 vti
1320 720 1406 795 huic
1420 718 1639 798 solemnitati
1652 740 1761 820 aptos
1773 743 1982 800 accommo-

683 852 837 928 atosque
855 825 1013 928 psalmos
1030 823 1252 913 habuerunt,
1278 823 1327 898 ita
1344 845 1499 923 quoque
1522 823 1673 924 reliquis
1695 820 1983 902 solemnitatibus

615 941 618 946 '
651 930 828 1014 omnibus
844 926 1005 1032 psalmos
1021 924 1216 1004 habuerint
1242 945 1504 1025 congruentes

716 1151 868 1257 Reliqui
886 1149 928 1228 itt
944 1147 1136 1225 ordinaria
1151 1042 1286 1247 cursa?
1298 1165 1416 1248 prout
1431 1141 1628 1248 iacebant,
1643 1146 1793 1225 cantati
1802 1203 1814 1246 ,
1830 1139 1935 1224 baud

703 1253 705 1258 ¹
983 1256 1050 1335 tadi
1064 1262 1223 1343 tempori
1246 1259 1311 1336 vel
1329 1258 1405 1334 dier·
1420 1252 1644 1360 praescripti.

748 1369 947 1468 Raetovr
980 1363 1108 1466 psalmi
1127 1367 1166 1441 in
1200 1364 1332 1442 vsrtato
1356 1363 1525 1442 lessionis
1550 1364 1657 1442 cursu
1678 1364 1842 1466 aprima
1866 1366 1989 1468 capite

619 1521 622 1528 -
652 1471 772 1572 usque
804 1469 851 1548 ad
881 1488 1088 1546 extremum
1117 1466 1358 1550 canebantur,
1388 1465 1525 1544 eodem
1546 1465 1700 1565 quidem
1728 1466 1882 1562 ordine,
1935 1489 1987 1550 uo

648 1573 742 1654 clius
767 1572 878 1653 alium
902 1572 941 1646 ia
970 1565 1100 1645 codice
1131 1566 1355 1667 excipiebat,
1385 1566 1494 1644 nullis
1513 1565 1745 1668 temporibus
1772 1567 1833 1646 vel
1860 1570 1894 1647 le
1933 1573 1988 1648 io·

652 1675 781 1762 nibus,
794 1670 854 1751 vel
874 1670 1003 1747 diebus
1019 1667 1151 1762 adfixi,
1166 1666 1192 1744 fi
1206 1665 1251 1746 ab
1267 1667 1340 1746 istis
1354 1665 1631 1768 specialioribus
1648 1665 1810 1770 psalmis,
1835 1673 1901 1770 qui
1913 1673 1986 1748 cui·

651 1772 1060 1852 libethotaecanonicae
1083 1767 1288 1946 praescrifti
1305 1792 1421 1866 erant,
1431 1766 1638 1850 discesseris.
1691 1767 1748 1847 De
1762 1777 1902 1872 Aegypto
1916 1771 1986 1850 ob·

649 1873 770 1954 seruat
787 1897 844 1951 ιο.
865 1885 1122 1950 casstauvs
1143 1871 1198 1969 t),
1238 1867 1288 1947 ub
1305 1871 1391 1946 vitae
1404 1867 1614 1966 monasticae
1628 1870 1731 1946 initia
1749 1870 1800 1947 ibi
1822 1895 1880 1952 tot
1896 1891 1987 1974 pto·

611 2041 614 2048 .
652 1971 862 2078 pemodum
896 1983 1010 2072 typos
1028 1971 1245 2074 ac'reguias
1271 1969 1341 2047 hac
1372 1968 1420 2049 de
1449 1995 1492 2048 re
1524 1967 1628 2047 fuisse
1656 1969 1867 2073 vsurpatas,
1889 1997 1989 2075 quot

649 2074 872 2156 monasteria
895 2069 1116 2166 exstiterint,
1140 2074 1218 2149 aliis
1249 2069 1411 2172 psalmos
1431 2069 1711 2174 duodeuiginti,
1733 2096 1806 2150 vna
1829 2073 1921 2154 serie
1944 2075 1986 2154 si·

646 2177 696 2270 ¹bi
729 2173 982 2264 succedentes,
1018 2173 1098 2250 aliis
1130 2173 1285 2274 viginti,
1330 2171 1407 2249 aliis
1437 2169 1559 2249 adhuc
1586 2176 1712 2274 plures
1749 2177 1989 2257 cantantibus.

650 2273 828 2376 Denique
858 2277 1054 2352 communi
1094 2278 1268 2348 omnium
1297 2271 1475 2348 consensu
1509 2297 1709 2350 numerum
1744 2299 1879 2354 eorum
1940 2305 1987 2362 to

652 2379 838 2456 matutino
858 2399 903 2450 ac
922 2369 1134 2470 vespertino
1162 2369 1285 2448 officio
1307 2368 1355 2447 ad
1378 2369 1578 2450 duodecim
1600 2373 1810 2472 redadum,
1846 2401 1895 2457 eo
1913 2405 1987 2480 que

616 2501 620 2509 ·
650 2501 725 2556 vua
744 2476 784 2554 dt
812 2473 992 2552 continua
1019 2468 1113 2551 serie
1135 2471 1200 2571 ιι),
1230 2469 1304 2550 sane
1329 2471 1402 2548 ulla
1427 2475 1696 2574 interueniente
1721 2475 1900 2576 lesbione,
1927 2506 1986 2563 re·

649 2579 783 2658 εἰκαῖος
808 2573 929 2653 fuisse:
960 2571 1053 2652 duas
1074 2573 1176 2652 euim
1205 2569 1383 2652 duntaxat
1413 2573 1593 2654 lectiones
1624 2575 1803 2670 habuisse,
1833 2582 1986 2666 alteram

649 2680 810 2775 vetetis,
833 2676 985 2755 alteram
1005 2677 1098 2753 noui
1125 2671 1351 2772 testamenti,
1375 2698 1490 2774 quam
1500 2695 1700 2777 utramque
1721 2680 1894 2762 omnibus
1911 2684 1986 2767 istis
2061 2683 2068 2690 ’

649 2779 803 2962 ssasmis
832 2777 946 2855 finitis
968 2774 1191 2954 subiungere
1214 2773 1483 2854 consueuerint.
1555 2777 1600 2854 Iu
1626 2777 1848 2877 quibusdam
1874 2789 1986 2867 etiam

665 2882 743 2963 ocis
766 2880 828 2960 sert
849 2876 1011 2983 psalmos
1026 2878 1071 2978 κ)
1128 2877 1250 2979 agulis
1266 2876 1372 2956 boris
1391 2880 1581 2958 canonicis
1601 2879 1756 2960 cantasse
1775 2882 1882 2982 dicit,
1905 2889 1986 2973 aliis

683 3123 719 3203 t)
740 3115 988 3184 caffianjnnitut.
1000 3114 1049 3179 lib.
1061 3115 1191 3187 tue'n.
1218 3119 1294 3178 Mul·
1380 3119 1538 3202 meatum
1557 3119 1629 3198 ibid.
1641 3144 1668 3197 e,
1680 3127 1734 3190 tv.
1756 3129 1808 3192 Pet
1828 3133 1985 3198 uniuersam

645 3219 692 3272 aaa
716 3211 905 3286 comperimus
925 3227 973 3288 pet
991 3207 1058 3266 alias
1080 3205 1211 3288 regiones
1242 3223 1294 3283 pto
1336 3207 1502 3290 Aegyptum
1528 3207 1559 3270 dt
1584 3209 1758 3274 Thebaidem
1794 3218 1985 3286 duodenaria,

646 3293 815 3358 meutiasute
824 3294 995 3370 capacitate,
1017 3288 1150 3352 habentes
1168 3289 1295 3368 quidem,
1337 3292 1718 3374 psalmorumnumetuatam
1731 3301 1982 3390 vespertinisquam

645 3395 679 3444 vt
702 3383 742 3441 ait
766 3381 922 3458 apossolus,
954 3377 1047 3441 atium
1068 3379 1137 3448 Dei,
1168 3375 1213 3438 sed
1234 3379 1295 3437 tt'ou
1336 3381 1485 3444 nodumis
1507 3382 1728 3447 solemnitatibus
1751 3381 1920 3463 custoditur,
1942 3377 1984 3459 ii.

645 3463 800 3526 seeundum
809 3463 971 3533 scientiam,
991 3463 1136 3540 superbae
1154 3483 1183 3524 re
1203 3465 1296 3524 diuet·
1337 3467 1494 3542 duntaxat,
1507 3484 1537 3530 at
1547 3469 1608 3550 pusi
1619 3470 1697 3534 hunc
1711 3482 1934 3542 numerumduae
1946 3485 1984 3542 ις.

644 3549 690 3612 sos
703 3563 785 3629 typos
808 3566 841 3607 ac
859 3548 969 3630 regulas
988 3543 1097 3607 fibimet
1116 3547 1295 3609 constituisse.
1337 3554 1460 3627 diona,
1471 3559 1571 3617 vetetis
1583 3555 1686 3620 scilicet
1697 3557 1809 3622 &noui
1825 3563 1982 3626 tesamenti

643 3635 772 3709 Quidam
795 3634 874 3693 enim
897 3633 1012 3691 vicenos
1032 3629 1166 3710 psalmos,
1189 3629 1218 3688 dt
1241 3629 1294 3691 bot
1337 3633 1454 3717 sanguia
1464 3639 1672 3717 subsequantur.
1728 3643 1731 3648 '

645 3721 721 3802 ipsos
741 3718 963 3797 antiphonarum
987 3716 1136 3796 proseratos
1155 3715 1295 3786 neutris,
1379 3720 1415 3800 x)
1436 3717 1509 3786 ibid.
1521 3741 1545 3780 c.
1564 3729 1595 3790 11.
1625 3727 1710 3798 Sunt,
1733 3725 1838 3810 quibua
1859 3733 1891 3795 in
1915 3733 1981 3817 ipsas

645 3805 678 3872 δι
703 3804 889 3868 aumffione
919 3801 1098 3885 quarundam
1121 3800 1294 3860 modulatio·
1333 3820 1449 3885 quoque
1462 3807 1572 3867 diurnis
1582 3811 1748 3873 orationum
1765 3815 1913 3894 officiiuid
1932 3821 1982 3895 est,

643 3912 715 3957 num
733 3888 835 3951 debete
852 3891 911 3950 diei
931 3886 1046 3971 srngulia
1071 3883 1202 3947 uadibus
1228 3904 1294 3945 ceu·
1334 3893 1436 3966 tertia,
1449 3887 1542 3965 serta,
1568 3909 1700 3977 nonque
1722 3899 1754 3960 id
1772 3901 1861 3964 risum
1880 3904 1933 3980 eii,
1950 3922 1982 3973 rt

643 3979 772 4042 suerunt:
802 3977 851 4038 alii
865 3974 1066 4035 buncmodum
1077 3972 1292 4034 etiameaaede·
1335 3974 1486 4037 secundum
1505 3977 1638 4040 botarum
1665 3987 1802 4059 modum,
1822 3989 1854 4048 in
1878 3991 1983 4072 quibat

644 4085 675 4128 te
699 4076 896 4126 tentauerunte
924 4060 1056 4121 nonnulii
1084 4061 1181 4119 xvsti.
1207 4073 1292 4137 atque
1335 4059 1535 4125 beeDomino
1545 4067 1704 4131 redduumr
1712 4068 1853 4154 obsequia,
1864 4079 1982 4157 psalmo.

644 4151 677 4213 in
697 4147 774 4210 hunc
795 4149 915 4208 mudum
928 4141 1044 4208 diuersae
1061 4145 1093 4206 in
1114 4145 1185 4209 totis
1199 4145 1292 4204 diuet·
1335 4149 1497 4208 numeriam
1514 4149 1545 4211 dr
1558 4155 1723 4217 umanum
1737 4171 1870 4240 putarent
1883 4183 1982 4230 nurm-

640 4237 703 4300 sum
734 4251 876 4296 canonem
912 4234 1084 4314 agnouimus
1122 4229 1293 4302 inuitatum,
1334 4253 1399 4293 tum
1411 4239 1631 4314 mutuandum:
1654 4243 1806 4306 Nonnullis
1818 4249 1931 4328 placuit,
1942 4253 1982 4316 se.

634 4333 740 4410 Juque
750 4319 957 4399 propemodum
974 4331 1056 4399 typus
1073 4336 1107 4380 ac
1119 4317 1229 4400 tegulae
1246 4317 1292 4376 vi-
1333 4320 1448 4380 natium
1467 4337 1619 4390 numam
1632 4323 1980 4416 fingnl'ndieioenugffi.

640 4407 737 4470 amaa
755 4403 993 4486 asamatmmt
1013 4403 1103 4467 etiam
1123 4399 1294 4470 mumistia
1333 4403 1538 4494 audeantur

641 4493 782 4580 nubeque
795 4488 1001 4577 conperimus
1427 4579 1431 4586 Ι

577 4635 581 4644 .
1854 4609 1981 4677 tutem
