4734 5442
875 369 883 404 Ι

697 608 745 654 ιι
766 603 972 654 rrrrrrrt
995 601 1415 661 rorrcorturrtour.
1622 612 1699 685 499,
1735 665 1740 674 ‚
1801 591 1809 618 ”
1889 675 1894 687 ,

428 733 513 803 nihil
527 744 684 804 tamenin
703 731 896 805 orationibus
907 742 1117 808 immutatum
1128 729 1187 832 cpi,
1195 731 1258 834 fid
1271 736 1341 808 ideo
1353 759 1481 811 rtrmtae
1490 741 1582 840 fient,
1592 743 1698 843 vesci·

425 859 529 920 amus,
541 834 624 931 quid
632 838 705 905 olim
711 831 839 928 stilum
846 836 908 928 stt,
930 829 969 914 ὅ
981 835 1099 937 exipso
1110 847 1328 938 precationum
1353 860 1461 912 tenore
1476 841 1522 912 ad
1528 846 1695 943 pristimum
1747 921 1760 938 ,
1852 921 1857 933 ,

416 930 583 1029 feruorem
599 943 788 1007 excitemur.
840 931 966 1033 Quam
983 932 1070 1010 felix
1086 935 1313 1036 faustumque
1329 939 1366 1013 id
1381 938 1493 1033 foret,
1508 941 1533 1017 fi
1550 944 1696 1024 ecclefia
1748 1037 1752 1044 ¹

423 1033 568 1112 Romana
585 1043 621 1108 in
638 1037 811 1110 omnibus
828 1033 930 1111 *hanc
945 1032 1112 1135 regulam
1136 1036 1330 1115 obseruare
1353 1040 1391 1116 dt
1413 1037 1457 1120 ad
1475 1041 1695 1124 laudabilem

424 1134 726 1213 consuetudinem
742 1134 1061 1233 acsrmplicitatem
1085 1136 1242 1224 ecclefiae
1264 1143 1397 1217 vetetis
1422 1139 1544 1220 redire
1565 1145 1693 1229 vellet'e

424 1234 665 1313 reformando
692 1234 810 1311 officia
836 1235 896 1312 sua
919 1234 963 1311 ad
980 1239 1208 1353 primitiuum
1229 1240 1436 1339 exemplar,
1461 1241 1499 1319 dt
1521 1250 1691 1323 extermi·
1790 1267 1793 1272 ·

424 1335 549 1412 nando
572 1361 702 1413 omnes
728 1336 808 1411 illas
824 1361 1103 1434 corruptiones,
1129 1364 1212 1436 quae
1235 1364 1280 1414 ex
1304 1363 1380 1415 tota
1406 1341 1510 1418 huius
1531 1344 1693 1424 hilloriae

423 1438 515 1513 serie
531 1438 729 1513 noscuntut
745 1436 815 1526 elie
832 1435 1028 1511 manifesta:
1044 1440 1318 1531 innouotiones,
1338 1440 1409 1515 liue
1428 1445 1596 1540 priuatim
1607 1445 1690 1526 ‚dis-

424 1537 653 1615 simulatione
673 1538 952 1637 nenegligentia
967 1540 1200 1636 temporibus
1215 1542 1434 1640 ignorantia
1453 1543 1603 1645 illaplae,
1618 1544 1692 1625 siue

425 1664 494 1740 per
515 1635 592 1713 vim
607 1661 648 1713 ac
662 1635 897 1735 tyrannidem
923 1635 1163 1736 introdullae,
1194 1662 1323 1715 contra
1350 1643 1508 1740 antiquae
1534 1647 1692 1726 eccleliae

424 1736 723 1832 consuetudines,
737 1739 774 1813 dt
790 1734 1045 1836 saepenumero
1058 1762 1188 1817 contra
1208 1740 1324 1841 ipsum
1347 1741 1460 1822 diuini
1481 1746 1597 1823 cultus
1614 1747 1693 1826 sco·

424 1866 536 1941 pum,
555 1840 743 1939 iplamque
762 1837 966 1913 diuinarum
982 1836 1248 1916 institutionum
1262 1844 1513 1920 intentionem.
1550 1847 1691 1948 Quem

424 1940 627 2017 admodum
645 1963 705 2015 res
719 1942 825 2037 plena
848 1936 897 2014 est
914 1942 949 2013 in
969 1939 1280 2021 administratione
1301 1943 1414 2019 diuini
1434 1945 1549 2023 cultus
1566 1950 1601 2022 in
1626 1949 1690 2025 lin·

424 2066 498 2144 gua
514 2039 719 2141 incognita,
733 2045 770 2114 in
787 2040 908 2115 diuina
923 2040 1125 2116 sanderum
1136 2096 1147 2134 ,
1168 2044 1408 2141 angelorum,
1428 2045 1630 2146 imaginum
1652 2050 1692 2128 dt

423 2145 588 2221 crucium
614 2139 848 2223 adoratione,
868 2142 906 2216 in
928 2137 1142 2219 sacramenti
1167 2139 1346 2218 diuisione
1369 2144 1520 2238 eiusque
1538 2146 1691 2226 admini-

424 2245 594 2321 lltatione
611 2244 648 2316 in
666 2265 739 2319 vna
753 2261 895 2317 tantum
916 2238 1055 2341 specie,
1081 2242 1280 2339 multisque
1299 2242 1409 2320 rebus
1431 2242 1634 2325 istiusmodi
1655 2273 1691 2327 a·
1753 2239 1756 2254 ’

426 2348 502 2434 liis;
526 2368 608 2442 quae
631 2365 673 2420 vt
696 2366 789 2420 veto
811 2342 946 2418 diuinae
969 2338 1202 2420 institutionis
1223 2341 1340 2444 scopo
1364 2341 1615 2439 aduersarum,
1642 2350 1693 2428 ita

424 2472 510 2525 cum
527 2443 693 2521 uniuersa
709 2444 868 2541 antiquae
883 2440 1039 2520 ecclesia·
1055 2446 1158 2543 praxi
1174 2463 1360 2545 pugnant,
1376 2446 1692 2544 quemadmodum
1724 2489 1743 2534 ·,
1783 2467 1803 2488 “

425 2549 528 2625 facile
545 2544 682 2621 videbit
690 2598 701 2636 ,
723 2544 786 2642 qui
805 2542 1011 2620 testimonia
1031 2542 1261 2623 considerare
1277 2544 1400 2643 volet,
1427 2571 1511 2646 quae
1533 2550 1571 2623 in
1596 2550 1693 2632 hisce

427 2645 704 2727 collellionibus
719 2643 986 2743 produximus,
1001 2647 1042 2722 in
1063 2645 1200 2741 quibus
1218 2666 1293 2723 tam
1316 2669 1441 2725 ortum
1461 2672 1632 2729 etrotum
1651 2677 1693 2733 ae

426 2750 568 2828 fontem
586 2745 880 2845 corruptelarum
895 2746 933 2819 in
950 2743 1215 2845 posterioribus
1229 2748 1379 2839 saeculis,
1396 2771 1505 2844 quam
1527 2775 1616 2831 vere
1634 2778 1698 2831 an·

426 2853 566 2950 tiquam
586 2844 711 2949 priscae
726 2843 886 2922 eccleslae
902 2845 1030 2943 praxin
1046 2846 1083 2919 in
1098 2843 1271 2920 omnibus
1284 2844 1433 2920 diuersis
1450 2844 1563 2924 diuini
1578 2853 1697 2934 cul'tua
1780 2849 1783 2856 ’

426 2952 608 3055 partibus,
631 2947 676 3024 ad
701 2946 926 3024 ordinariam
940 2942 1011 3022 Dei
1028 2940 1284 3023 adorationem
1303 2942 1567 3052 spectantibus,
1582 2953 1638 3032 'ob
1652 2979 1695 3036 o·

358 3044 367 3077 ⁷
410 3058 532 3144 ,culos
551 3071 694 3152 ponere
715 3047 925 3155 studuimus.
1656 3051 1661 3066 '

541 3162 706 3247 Arovr
728 3148 810 3225 heic
824 3145 1083 3225 concluderem
1107 3144 1200 3223 hanc
1219 3148 1486 3228 narrationem:
1517 3156 1695 3251 quoniam
1753 3155 1758 3168 '

427 3276 522 3332 vero
536 3249 753 3347 questiones
768 3248 957 3348 supersunt
969 3247 1124 3325 modlcoe
1138 3248 1175 3323 dt
1190 3271 1336 3348 paucae,
1349 3273 1431 3346 quae
1446 3251 1492 3356 de
1507 3251 1692 3336 nonnullis

428 3349 693 3453 appendicibus
706 3350 744 3425 dt
757 3348 935 3424 adiunllls
950 3351 1226 3426 communionis
1244 3344 1324 3423 fieri
1347 3349 1513 3447 poliunt,
1533 3350 1580 3430 ad
1601 3380 1693 3452 quaa

427 3453 594 3533 hocloco
604 3447 829 3549 respondere
839 3443 1131 3549 prodetit,scil.l.
1141 3446 1696 3556 Quemadmodumdeteliquiis

429 3550 650 3635 eucharistiae
677 3547 760 3648 post
783 3549 906 3625 allum
937 3550 1280 3624 communicationis
1310 3547 1497 3631 statuerint
1526 3564 1696 3640 veteres?

427 3658 471 3737 ΙΙ.
481 3655 667 3758 Quaenam
681 3651 750 3727 illis
764 3646 991 3727 consuetudo
1008 3649 1046 3726 dt
1061 3651 1185 3750 praxis
1200 3648 1309 3728 fuerit
1324 3653 1465 3734 tatione
1479 3675 1552 3733 tam
1567 3654 1697 3742 decan.

428 3751 953 3848 tataruminhillotiaantiqua
970 3748 1200 3851 agapetum?
1233 3750 1295 3824 lli.
1313 3750 1500 3853 Quinam
1515 3780 1700 3858 prepara·
1756 3751 1764 3762 ⁵
1841 3777 1844 3784 ’

429 3860 551 3936 tiones
581 3850 832 3954 requisierint„
862 3871 1049 3952 tamquam
1082 3854 1436 3933 communicantibus
1473 3857 1697 3955 necessarias,

433 3960 566 4057 quibus
581 3955 626 4032 ad
644 3954 795 4054 dignam
811 3954 1064 4051 receptionem
1076 3952 1153 4051 apti
1166 3949 1407 4032 redderentur
1422 3973 1530 4054 atque
1542 3956 1697 4038 idonei?

432 4061 497 4137 lV.
513 4057 604 4161 Quo
621 4078 791 4154 tempore
814 4075 957 4128 cernam
979 4048 1206 4128 dominicam
1227 4052 1582 4148 administrarint,&
1605 4084 1696 4161 quo-

435 4163 503 4240 ties
520 4158 682 4258 singulos
696 4155 865 4231 homines
883 4149 929 4226 ad
945 4175 1024 4225 eam
1040 4147 1288 4249 recipiendam
1305 4151 1487 4230 adhortati
1503 4153 1621 4238 sint&
1636 4187 1697 4240 ert.

435 4258 607 4338 citarint'?
634 4254 856 4347 breuissime,
874 4249 997 4352 quoad
1019 4249 1096 4325 lieri
1112 4246 1247 4348 potest,
1268 4248 1313 4364 ad
1331 4250 1393 4328 has
1412 4252 1630 4354 quaestiones
1643 4288 1697 4344 te·
1794 4287 1798 4296 ‘

439 4358 649 4463 spondebo,
668 4350 1149 4435 &tumhuicdiffettationi
1165 4348 1379 4431 constituam
1405 4353 1528 4439 finem.
1619 4458 1623 4464 Ι
1736 4381 1739 4386 ·

1058 4549 1194 4633 tha
1489 4552 1493 4558 ’
1580 4567 1710 4649 llsslll
