4734 5442
540 561 611 657 380
750 563 927 643 natarunt
952 515 1279 615 rccrmmrcaarar
1304 559 1369 612 ru.
1390 539 1443 611 rr.
1468 561 1539 611 car.
1562 557 1612 616 tr.

541 669 1041 697 ...-.--...---
1058 659 1822 684 ....-.---------...

540 722 638 802 hanc
652 723 684 797 le
715 721 855 795 'timum
869 706 1001 816 'praxin
1016 699 1113 788 inter
1127 716 1352 788 recentiores
1365 709 1457 804 else,
1480 711 1633 812 probet,
1655 733 1698 788 vt
1720 708 1764 787 stt
1778 711 1829 787 lu·

475 872 477 876 -
542 823 676 898 colenti
704 842 820 895 rmum
842 814 1091 894 testimonium
1111 833 1240 889 contra
1254 814 1374 900 illam,
1400 831 1587 911 tamquam
1603 813 1826 904 nouitatem,

541 945 626 1024 quae
642 916 999 1011 vniuersumeorum
1014 910 1176 991 officium
1188 910 1544 1003 absurdum-reddat,
1560 909 1699 1007 cosque
1712 911 1761 988 ad
1769 937 1828 1012 pa·

540 1023 650 1100 rietes
666 1020 772 1118 loqui
785 1016 910 1100 saciat,
929 1016 1088 1091 maxime
1102 1035 1149 1091 ex
1170 1011 1421 1109 monasteriis,
1442 1015 1480 1088 in
1511 1013 1644 1112 quibus
1663 1017 1829 1113 primum

485 1111 489 1115 ’
541 1123 673 1220 carpit,
696 1113 991 1207 exterminanda,
1017 1133 1204 1212 tamquam
1230 1113 1380 1191 ridicula
1401 1115 1537 1212 pariter
1560 1138 1602 1189 ac
1624 1111 1826 1214 periculosa

540 1219 756 1321 supetllitio.
774 1237 974 1294 tonsura
999 1238 1053 1291 ao
1065 1239 1121 1290 nn
1138 1211 1823 1294 inhuiusrltusdefensronenonmulto

544 1321 690 1397 felicior
719 1311 927 1395 ron'anro
953 1311 1323 1399 naturantuoelb
1374 1314 1477 1389 Nam
1493 1338 1572 1390 -vno
1588 1312 1755 1415 quodam
1776 1338 1828 1391 ca·

544 1422 623 1520 pire
650 1418 771 1516 satagit
797 1414 1074 1499 demonstrare,
1109 1411 1251 1490 missam
1283 1413 1480 1491 solitariam
1509 1418 1712 1492 nouitatem
1738 1413 1828 1509 esse,

545 1524 707 1613 antiquar
724 1515 880 1603 eccleliae
900 1517 1149 1615 incognitam,
1175 1514 1213 1591 dt
1233 1511 1301 1613 ipst
1321 1517 1443 1590 tenori
1464 1514 1653 1614 ptaesenris
1677 1518 1829 1592 canonis

545 1626 685 1699 Romani
698 1621 939 1695 contrariam:
967 1615 1014 1690 Et
1029 1615 1147 1712 capite
1163 1616 1338 1715 proxime
1349 1612 1515 1712 sequenti
1531 1618 1693 1713 probare
1709 1615 1826 1694 nihilo

542 1717 656 1798 sectus
678 1718 880 1802 udlaborat,
904 1712 1044 1792 missam
1069 1716 1251 1816 priuatam
1272 1711 1347 1791 fine
1368 1716 1722 1814 communicantibus
1739 1717 1827 1792 auti·

574 1818 750 1896 uiffimnm
773 1815 843 1893 esse
867 1816 905 1893 dc
928 1815 1144 1891 laudabilem
1160 1813 1471 1892 consuetudinem.
1533 1815 1662 1893 Primo
1678 1816 1716 1916 ⁰)
1737 1817 1823 1896 loco

510 2001 513 2008 ,
543 1844 650 1996 dicit:
683 1919 890 2013 „librario
910 1912 959 1991 fic
981 1913 1194 1990 sacrificium
1215 1916 1466 2014 principaliter
1483 1914 1684 1992 institutum
1705 1915 1827 2010 fuisse,

420 2071 423 2078 -
542 2041 607 2115 „vt
624 2021 769 2118 publice
788 2041 831 2093 ac
848 2015 1057 2094 solemniter
1071 2011 1195 2108 lieret,
1221 2016 1321 2093 clero
1343 2017 1546 2115 &populo
1560 2014 1740 2111 adstante,
1766 2016 1826 2094 os·

544 2115 771 2217 „ferenteac
791 2119 1107 2208 communicante,
1133 2115 1209 2214 ipse
1233 2139 1342 2194 tenor
1367 2113 1477 2193 miliae
1498 2117 1536 2194 dr
1558 2118 1694 2196 veteris
1714 2118 1825 2194 eccle·

545 2218 628 2317 „srae
660 2223 783 2319 praxis
809 2220 994 2294 euincunt.
1067 2215 1215 2296 Omnes
1245 2219 1345 2294 enim
1379 2219 1590 2302 orationes,
1618 2242 1728 2318 atque
1751 2216 1827 2319 ipsa

545 2324 722 2417 „canonis
742 2320 852 2396 verba
874 2321 910 2392 in
938 2315 1068 2418 plurali
1087 2342 1266 2410 numero,
1289 2340 1476 2416 tamquam
1497 2319 1659 2417 plurium
1674 2320 1828 2397 nomine

543 2419 815 2515 „proferuntur
869 2418 971 2491 Hinc
988 2414 1157 2494 sacerdos
1180 2418 1363 2517 populum
1384 2422 1516 2496 inuitur
1535 2419 1580 2496 ad
1596 2423 1825 2516 orationem,

540 2517 711 2615 „dicens,
733 2526 883 2593 oremus:
906 2517 945 2594 dr
960 2541 1075 2689 <kaurn
1095 2516 1269 2599 eumdem
1288 2516 1435 2614 salutat,
1457 2522 1526 2614 ait,
1544 2525 1700 2596 marm
1716 2519 1823 2593 volls-

548 2642 655 2714 „cum
705 2617 806 2693 Tum
822 2618 953 2692 moniti
998 2616 1169 2701 deles,vt
1185 2615 1296 2693 corda
1311 2621 1454 2721 erigant
1467 2618 1513 2696 ad
1528 2618 1663 2713 Deum,
1675 2621 1826 2721 respon·

544 2716 676 2816 „deun
701 2716 861 2792 Habemus
876 2716 921 2789 ad
943 2722 1130 2791 ornanum.
1178 2718 1285 2795 Hinc
1304 2722 1415 2797 eriam
1436 2722 1474 2795 in
1502 2745 1646 2800 canone
1663 2723 1828 2800 collediae

440 2821 444 2830 “
523 2819 684 2917 „plebis
704 2820 860 2895 nomine
877 2817 1022 2914 semper
1041 2840 1141 2914 orat,
1171 2842 1211 2896 vt
1233 2845 1348 2920 quum
1371 2818 1476 2919 dicit,
1499 2825 1657 2925 Supplices
1674 2851 1823 2921 rogamus

541 2916 606 3018 „ts
616 2931 774 3020 perimus:
807 2916 1101 3002 Hancablatr'onem
1122 2922 1238 2995 cundia
1253 2920 1469 3017 familiarior
1483 2923 1648 3020 offerimus
1665 2931 1825 3028 preclara

540 3023 717 3117 „maiestati
730 3041 809 3092 tuae:
832 3039 870 3093 vt
892 3039 1047 3120 quotquot
1066 3048 1108 3092 ex
1127 3025 1184 3094 hac
1202 3026 1317 3094 altaris
1336 3030 1583 3126 participatione
1586 3022 1824 3124 sacrofirnssum

540 3119 625 3219 ,filil
640 3123 693 3193 rui
706 3145 820 3219 corpus
841 3118 880 3201 θ’
889 3116 1078 3218 sanguinem
1084 3121 1314 3245 sumscmmus:
1341 3121 1440 3196 Nobis
1452 3117 1577 3226 qaoque
1594 3125 1826 3228 peccatcrsbm

539 3219 601 3319 „dr
622 3222 688 3297 alia
718 3219 927 3298 huiusmodi
948 3222 1070 3298 multa.
1133 3225 1191 3300 bx
1212 3225 1346 3323 quibus
1359 3225 1504 3324 liquet,
1529 3226 1620 3304 nibil
1642 3227 1822 3308 aliudesse

536 3319 711 3420 „missam
727 3344 838 3419 quam
854 3318 1050 3399 sacerdotis
1067 3321 1105 3399 dt
1123 3324 1236 3402 totius
1251 3347 1367 3401 cretus
1389 3323 1597 3423 aslionem,
1623 3332 1682 3406 cui
1696 3333 1822 3431 plures

535 3421 828 3520 „circumstetisse
850 3420 1009 3498 indicant
1031 3423 1090 3500 illa
1114 3425 1252 3501 verba:
1295 3422 1334 3505 θ’
1357 3436 1498 3500 ominum
1525 3435 1816 3530 circumsteterant,

533 3548 690 3621 ‚parram
704 3521 767 3596 till
778 3523 862 3615 fides
890 3531 1016 3620 cognita
1038 3521 1132 3621 ql&
1141 3545 1217 3599 nota
1234 3525 1378 3619 doario,
1402 3552 1486 3627 quae
1504 3529 1578 3608 alio
1597 3528 1816 3631 detorqueri

533 3645 635 3718 „non
664 3621 821 3721 possunt.
894 3625 956 3699 Ad
987 3630 1291 3704 communionem
1315 3652 1407 3706 vero
1434 3627 1648 3708 adstantium
1674 3633 1766 3712 eas

533 3719 676 3830 „dirum
701 3723 833 3818 quibus
856 3721 1026 3800 sacerdos
1052 3724 1174 3805 Deum
1197 3748 1386 3830 precatur,
1417 3730 1499 3808 lieri
1522 3756 1661 3833 corpus
1684 3657 1818 3814 &dd

433 3833 445 3846 ’
531 3825 707 3920 „guinem
724 3823 876 3898 Domini
899 3823 1072 3902 omnibus
1093 3827 1318 3906 sumentibus
1341 3831 1380 3906 in
1403 3835 1516 3909 viram
1531 3829 1718 3914 aeternam'.
1769 3835 1817 3914 R

529 3919 952 4022 „postcommunionem
968 3925 1034 4013 ait,
1055 3928 1157 4024 Qod
1167 3926 1404 4030 ore'firmstmm
1416 3955 1501 4036 pm
1514 3957 1619 4009 ntem
1634 3935 1812 4040 rapiamur:

527 4021 673 4121 ,forasti
679 4021 845 4122 familiam
861 4043 951 4097 ruam
965 4026 1279 4128 muneribussacrisz
1306 4031 1462 4134 suntque
1482 4033 1563 4115 sere
1574 4061 1710 4118 omnes
1724 4046 1815 4118 eius·

526 4121 636 4237 „dem
651 4129 791 4204 tenoris
807 4127 1013 4210 orationes,
1038 4152 1121 4227 quoe
1142 4129 1289 4231 perusia
1306 4134 1572 4216 communione
1592 4146 1813 4227 recitantur}

489 4235 492 4244 ·
526 4245 635 4324 „quta
656 4225 833 4305 nlmirum
855 4227 908 4304 illi
931 4226 1105 4308 duntaxat
1130 4231 1332 4313 intererant
1354 4234 1486 4330 missae,
1511 4239 1575 4338 qui
1589 4237 1812 4341 possentos·

526 4355 1807 4398 -·--—--·-·--——------...-....

561 4401 599 4490 ο)
618 4407 887 4524 buntmliturgic
905 4385 1123 4494 libbam
1142 4415 1226 4499 bn·
1699 4525 1781 4610 sm

534 4555 539 4564 .
752 4547 754 4552 ·
1781 4550 1812 4614 0.
