4734 5442
629 581 685 666 'ur
698 607 852 659 turrim
867 609 908 658 rm
922 611 1115 662 murrone
1129 617 1175 664 rr
1191 613 1468 668 consecuturum
1484 624 1571 669 rrrrr
1585 619 1729 673 enutrit.
1779 611 1840 700 319

1124 742 1267 844 t..

563 843 739 940 Formulu
754 841 1041 945 consecrationis
1043 842 1190 951 semper
1203 846 1395 953 compnfitn
1410 879 1459 928 ex
1477 841 1701 948 recidatinne
1714 849 1839 931 uerbo·
1887 915 1892 928 .
1907 903 1913 912 ι

624 982 708 1035 rum
722 954 996 1059 institutionis,
1021 958 1067 1036 Εἴ
1080 965 1248 1037 oratione
1263 963 1318 1038 ed
1328 961 1450 1039 Deum
1462 983 1535 1066 pro
1544 959 1782 1068 sanllifican·
1890 963 1895 972 ’

875 1069 934 1146 dis
949 1087 1020 1170 per
1026 1065 1213 1172 spiritum
1218 1068 1389 1168 santium
1407 1075 1524 1152 donis.

668 1175 782 1254 Nou
804 1174 873 1254 fuit
888 1198 1009 1253 tutem
1025 1175 1105 1254 haec
1118 1181 1274 1279 antiquis
1288 1181 1520 1281 temporibus
1543 1181 1640 1259 nuda
1662 1184 1836 1283 repetitio

560 1278 785 1371 verborum,
798 1279 1041 1376 Hoemeorpus
1054 1304 1178 1373 meum,
1202 1305 1285 1382 quae
1302 1304 1370 1381 per
1384 1284 1516 1360 multus
1529 1305 1655 1362 aetates
1672 1285 1835 1383 vulgetis

560 1376 861 1460 scholasticorum
881 1382 1116 1478 Rommufium
1139 1380 1304 1472 dollrina
1326 1379 1415 1466 fuitt
1454 1380 1516 1460 sed
1538 1385 1704 1463 recitatio
1725 1381 1837 1461 histo·

564 1484 631 1562 riae
654 1478 889 1566 institutionis
902 1503 975 1558 vnn
989 1501 1073 1558 cum
1089 1480 1259 1581 precibus
1272 1479 1319 1558 ud
1333 1479 1476 1579 Deum,
1496 1503 1537 1559 vt
1553 1483 1720 1585 spiritum
1734 1483 1838 1559 suum

563 1580 725 1661 fatuum
738 1579 847 1681 super
857 1577 955 1656 dona
969 1581 1128 1678 mittere,
1140 1605 1261 1681 enque
1274 1604 1413 1682 corpus
1427 1607 1468 1658 ac
1479 1583 1689 1684 sanguinem
1701 1583 1838 1660 Christi
1944 1663 1949 1668 ,

565 1683 647 1762 fieri
663 1681 789 1759 iubete
814 1680 943 1775 vellet,
972 1704 1051 1758 non
1074 1681 1306 1759 immutando
1332 1704 1498 1760 naturum
1529 1689 1567 1762 δι
1596 1682 1837 1780 substantiam,
1895 1695 1898 1714 '

563 1782 625 1863 sed
650 1782 838 1884 qualitates
862 1778 900 1857 ἃ
925 1779 1141 1875 efficaciam,
1174 1781 1444 1882 exultandoque
1470 1809 1511 1860 ea
1542 1784 1589 1861 de
1616 1783 1839 1884 fimplicibus

563 1883 753 1964 elementis
770 1883 874 1982 panis
895 1905 937 1957 ac
956 1883 1054 1975 vini,
1080 1903 1123 1960 vt
1144 1881 1256 1960 essent
1289 1885 1371 1986 typi
1396 1883 1435 1962 ὃ(
1466 1884 1632 1985 symbola
1658 1887 1775 1961 curuis
1797 1909 1839 1960 tc

527 1987 538 2006 ‘
555 1983 748 2087 ¹sanguinis
764 1987 969 2071 CHRISTI,
983 1981 1020 2057 ἃ
1036 1979 1192 2059 efficacia
1206 1980 1462 2075 instrumenta,
1474 2010 1543 2086 per
1554 2011 1638 2085 quae
1653 1985 1768 2087 digne
1784 2010 1837 2061 re-

563 2083 783 2187 cipientibus
802 2083 927 2160 omnia
954 2083 1148 2159 mortisue
1170 2082 1473 2200 pnffioni'sipfius
1496 2084 1669 2161 beneficia
1694 2085 1786 2162 conf
1823 2125 1836 2139 ·

563 2208 701 2264 rentur.
772 2183 824 2260 ltu
843 2180 1034 2259 mnniiesto
1056 2205 1283 2283 proponitur
1304 2187 1342 2260 in
1366 2185 1652 2285 constitutionibus,
1674 2184 1775 2283 quod
1798 2188 1838 2259 in
1943 2181 1948 2188 ’

561 2286 708 2366 leiloris
734 2288 892 2387 gratiam
914 2283 997 2357 heic
1024 2284 1157 2360 iterum
1178 2285 1474 2385 interponemus:
1502 2295 1661 2360 tremores
1683 2294 1786 2386 igitzn
1801 2288 1837 2385 e)

563 2415 693 2481 eertum,
706 2415 774 2489 que
788 2407 918 2489 propter
929 2412 985 2456 nur
996 2386 1146 2486 pertulit,
1157 2395 1280 2482 gratier
1298 2386 1516 2496 regimundi,
1534 2394 1621 2461 Deus
1633 2396 1840 2490 omnipotens,

560 2518 624 2567 non
643 2510 799 2590 querutum
814 2486 970 2574 debemur,
986 2506 1021 2557 at
1034 2507 1191 2585 quantum
1201 2487 1357 2589 poffumus
1365 2515 1382 2575 ,·
1394 2486 1432 2569 εὔ
1440 2492 1688 2588 constitutionem
1699 2493 1767 2561 ein's
1776 2497 1838 2561 im·

560 2598 691 2704 plemeus.
765 2597 805 2664 ln
820 2616 883 2688 qua
898 2597 984 2661 enim
1005 2587 1093 2659 noete
1106 2585 1313 2684 tradebatur,
1337 2611 1416 2690 pane
1423 2588 1548 2688 ficullis
1571 2617 1608 2663 at
1622 2587 1837 2662 immaculatis
1863 2623 1866 2630 ·

561 2688 785 2791 munibusfiris
800 2710 940 2788 accepto,
965 2685 1003 2769 td
1016 2691 1148 2762 eleuatis
1160 2693 1256 2762 oculis
1270 2691 1315 2763 ad
1327 2697 1431 2765 Deum
1433 2690 1531 2792 ficum
1544 2718 1580 2763 ae
1588 2713 1729 2790 patrem,
1729 2689 1837 2788 fregit

563 2792 702 2879 &dedu
717 2789 897 2895 discipulis,
913 2790 1039 2863 dicens:
1069 2793 1192 2888 Hoeest
1207 2793 1387 2889 mysterium
1408 2801 1484 2864 noui
1495 2794 1687 2890 tetslumenti:
1708 2801 1838 2892 aecipite

560 2927 604 2973 ex
616 2926 668 2987 eo,
683 2893 889 2968 manducate:
915 2897 982 2964 Huc
997 2891 1037 2989 qi
1050 2912 1161 2992 coeptet
1182 2917 1306 2980 meum,
1322 2893 1409 2991 quad
1458 2897 1599 2964 omultir
1606 2891 1782 2992 frangitur
1800 2901 1837 2964 in
1871 2877 1879 2906 ³

547 2997 763 3100 'remifflonem
776 3015 982 3099 peecatorum.
1034 2994 1195 3067 Similiter
1209 2996 1334 3066 calicem
1349 2915 1478 3094 misc'dit
1487 3020 1529 3067 ex
1536 3003 1610 3068 uine
1619 2989 1658 3074 td
1664 3019 1760 3094 aqua,
1780 3019 1839 3064 au·

560 3102 717 3194 &dicauit
736 3093 774 3179 td
791 3097 883 3171 dedit
896 3094 1028 3183 iisdem,
1042 3093 1169 3167 ditenr:
1193 3093 1299 3170 Bilite
1310 3123 1352 3168 ex
1364 3124 1399 3169 eu
1414 3111 1544 3181 omnee',·
1574 3103 1640 3170 Hic
1656 3091 1837 3195 estfienguie
1864 3151 1873 3169 .

563 3229 665 3292 meus,
680 3209 739 3300 qui
746 3224 808 3297 pro
821 3200 933 3272 multis
947 3195 1125 3294 effunditur
1136 3205 1173 3268 in
1187 3197 1605 3298 remtffanempeecatorum.
1655 3203 1724 3270 Hoc
1733 3195 1836 3291 sarire

558 3314 598 3381 ,in
610 3329 713 3376 meam
726 3308 1061 3374 commemorationem.
1111 3294 1473 3398 ¹Quotiescumqueenim
1482 3295 1713 3370 manducabitis
1721 3317 1838 3397 panem

560 3408 643 3484 dunc
662 3398 699 3481 ΕΞ
714 3399 826 3474 libetis
840 3402 921 3473 hunc
934 3401 1081 3487 calicem,
1102 3419 1238 3472 mortem
1253 3425 1356 3471 meam
1368 3397 1621 3486 adnuntiabitis,
1636 3397 1733 3469 donec
1748 3403 1839 3467 veni·

560 3536 625 3584 am.
678 3510 789 3602 ltaque
798 3527 949 3574 memorre
953 3502 1092 3601 pufflmis
1104 3494 1220 3577 eius&
1228 3494 1404 3590 martin&
1412 3506 1577 3572 antortuis
1584 3527 1620 3572 re
1634 3497 1836 3586 urredlionit,

560 3631 657 3710 atque
670 3616 706 3678 in
722 3608 827 3677 celum
842 3602 967 3675 reditus
975 3627 990 3686 ;
1014 3627 1070 3672 nec
1083 3618 1145 3673 nun
1152 3597 1288 3698 secundi
1300 3600 1474 3694 aduetnur,
1489 3627 1583 3702 quem
1591 3603 1676 3674 idem
1682 3598 1836 3697 fullerus

561 3715 617 3808 esi,
631 3704 667 3780 in
680 3735 741 3809 quo
754 3733 827 3779 cum
840 3708 944 3803 gloria
958 3699 1148 3800 &potestate
1158 3711 1285 3793 veniet,
1299 3704 1445 3778 iudicare
1459 3713 1551 3777 uiuae
1569 3731 1605 3778 ae
1618 3723 1780 3791 mortuos,
1796 3696 1835 3779 id

561 3811 695 3886 reddere
707 3811 840 3908 singulis
854 3816 950 3879 iuxta
955 3826 1051 4006 Vm
1066 3830 1197 3893 eorum,·
1212 3802 1281 3878 cili
1295 3817 1411 3904 regiae
1426 3811 1493 3882 Deo
1505 3830 1620 3910 penem
1635 3809 1729 3892 brente,
1738 3802 1778 3882 εἴ
1785 3828 1837 3874 ca·

561 3915 753 3988 licem'hunc
768 3911 943 4009 offerimus,
974 3907 1129 3981 erundum
1149 3909 1397 4005 constitutionem
1408 3919 1497 4000 einr,
1511 3920 1643 4010 gratius
1657 3905 1718 3977 tili
1724 3927 1788 4001 per
1804 3932 1835 3973 e·

563 4015 688 4090 undem
701 4036 846 4111 ugentes,
861 4018 939 4111 qula
953 4005 1009 4082 noe
1022 4010 1135 4108 dignos
1148 4006 1291 4107 deluisti,
1309 4022 1368 4110 qni
1374 4014 1531 4106 staremus
1544 4035 1649 4081 coram
1662 4027 1714 4099 te,
1732 4031 1767 4074 ue
1779 4001 1833 4104 fia·

560 4117 919 4215 terdotiojungeremnr
929 4108 991 4183 rili
998 4138 1013 4197 ;
1035 4109 1074 4188 ὃ(
1081 4106 1233 4211 poscimus
1246 4129 1338 4198 te,vt
1344 4107 1445 4208 stepen·
1457 4113 1517 4182 lmt
1531 4107 1614 4180 done
1629 4116 1665 4178 iu
1674 4102 1832 4208 conspellu

560 4242 615 4292 tuo
626 4219 775 4319 propodta
789 4219 909 4315 placate
922 4210 1081 4314 respicias,
1092 4232 1129 4281 tu
1144 4219 1203 4309 qni
1209 4214 1326 4281 nulline
1339 4213 1464 4310 indiges
1479 4215 1583 4300 Deus,¹
1595 4209 1631 4287 Εἴ
1639 4199 1832 4312 beneplaeear
1935 4230 1939 4237 ’

563 4331 601 4394 in
623 4329 670 4390 eis
691 4316 735 4388 ed
754 4319 900 4389 horrorem
924 4316 1108 4391 CHRISTI
1118 4320 1190 4400 tui,
1209 4329 1306 4412 atque
1317 4308 1419 4414 supra
1440 4312 1700 4410 hocsacrtficium
1719 4319 1833 4384 mittar

560 4453 1834 4487 ..---—-—----—------—-·-

606 4530 636 4615 e)
659 4524 811 4591 constitut.
825 4524 874 4588 lib.
890 4525 970 4590 Vssl.
981 4528 1074 4593 exn
1086 4527 1482 4626 p·402,vrdsupra§.1,sub
1497 4531 1550 4594 litt.
1560 4529 1608 4615 (b)
1622 4547 1684 4617 pag.
1694 4537 1753 4603 ²89.

1761 4623 1838 4734 sm.
