<?xml version="1.0" encoding="UTF-8"?>
<!DOCTYPE html PUBLIC "-//W3C//DTD XHTML 1.0 Transitional//EN"
    "http://www.w3.org/TR/xhtml1/DTD/xhtml1-transitional.dtd">
<html xmlns="http://www.w3.org/1999/xhtml" xml:lang="en" lang="en">
 <head>
  <title>
</title>
<meta http-equiv="Content-Type" content="text/html;charset=utf-8" />
  <meta name='ocr-system' content='tesseract 3.04.00' />
  <meta name='ocr-capabilities' content='ocr_page ocr_carea ocr_par ocr_line ocrx_word'/>
</head>
<body>
  <div class='ocr_page' id='page_1' title='image "./opervmquaeexsta01binggoog_0106.png"; bbox 0 0 4734 5442; ppageno 0'>
   <div class='ocr_carea' id='block_1_1' title="bbox 474 575 1654 668">
    <p class='ocr_par' dir='ltr' id='par_1_1' title="bbox 474 575 1654 668">
     <span class='ocr_line' id='line_1_1' title="bbox 474 575 1654 668; baseline -0.017 -10"><span class='ocrx_word' id='word_1_1' title='bbox 474 575 478 586; x_wconf 70' lang='grc'><strong>’</strong></span> <span class='ocrx_word' id='word_1_2' title='bbox 553 583 600 668; x_wconf 79' lang='lat'>86</span> <span class='ocrx_word' id='word_1_3' title='bbox 693 637 697 652; x_wconf 88' lang='lat'><em>.</em></span> <span class='ocrx_word' id='word_1_4' title='bbox 768 600 941 653; x_wconf 74' lang='lat' dir='ltr'>surorum«</span> <span class='ocrx_word' id='word_1_5' title='bbox 968 591 1293 649; x_wconf 67' lang='lat' dir='ltr'>incantatricum</span> <span class='ocrx_word' id='word_1_6' title='bbox 1318 593 1380 643; x_wconf 78' lang='lat' dir='ltr'>uta.</span> <span class='ocrx_word' id='word_1_7' title='bbox 1405 591 1480 644; x_wconf 81' lang='lat' dir='ltr'>xtv.</span> <span class='ocrx_word' id='word_1_8' title='bbox 1508 593 1578 647; x_wconf 79' lang='lat' dir='ltr'>car.</span> <span class='ocrx_word' id='word_1_9' title='bbox 1600 591 1654 647; x_wconf 82' lang='lat' dir='ltr'>ur.</span> 
     </span>
    </p>
   </div>
   <div class='ocr_carea' id='block_1_2' title="bbox 552 690 1908 726">
    <p class='ocr_par' dir='ltr' id='par_1_2' title="bbox 552 690 1908 726">
     <span class='ocr_line' id='line_1_2' title="bbox 552 690 1908 726; baseline -0.002 -8"><span class='ocrx_word' id='word_1_10' title='bbox 552 690 1825 726; x_wconf 45' lang='lat' dir='ltr'>W*</span> <span class='ocrx_word' id='word_1_11' title='bbox 1900 699 1908 712; x_wconf 75' lang='lat'>⁸</span> 
     </span>
    </p>
   </div>
   <div class='ocr_carea' id='block_1_3' title="bbox 454 713 1912 1844">
    <p class='ocr_par' dir='ltr' id='par_1_3' title="bbox 454 713 1912 1844">
     <span class='ocr_line' id='line_1_3' title="bbox 538 713 1912 839; baseline -0.01 -23"><span class='ocrx_word' id='word_1_12' title='bbox 538 713 792 816; x_wconf 84' lang='lat' dir='ltr'>¹nuntiandam</span> <span class='ocrx_word' id='word_1_13' title='bbox 808 737 980 839; x_wconf 72' lang='lat' dir='ltr'>spestare.</span> <span class='ocrx_word' id='word_1_14' title='bbox 1039 733 1146 811; x_wconf 88' lang='lat' dir='ltr'>Vnde</span> <span class='ocrx_word' id='word_1_15' title='bbox 1167 733 1287 833; x_wconf 86' lang='lat' dir='ltr'>tnagis</span> <span class='ocrx_word' id='word_1_16' title='bbox 1304 730 1494 831; x_wconf 82' lang='lat' dir='ltr'>probabile</span> <span class='ocrx_word' id='word_1_17' title='bbox 1516 727 1578 822; x_wconf 88' lang='lat' dir='ltr'>fit,</span> <span class='ocrx_word' id='word_1_18' title='bbox 1601 730 1667 806; x_wconf 85' lang='lat' dir='ltr'>has</span> <span class='ocrx_word' id='word_1_19' title='bbox 1699 750 1834 829; x_wconf 87' lang='lat' dir='ltr'>paruas</span> <span class='ocrx_word' id='word_1_20' title='bbox 1908 763 1912 770; x_wconf 95' lang='lat'>·</span> 
     </span>
     <span class='ocr_line' id='line_1_4' title="bbox 454 829 1832 932; baseline -0.005 -21"><span class='ocrx_word' id='word_1_21' title='bbox 454 829 461 857; x_wconf 58' lang='lat'>⁸</span> <span class='ocrx_word' id='word_1_22' title='bbox 551 840 731 918; x_wconf 77' lang='lat' dir='ltr'>lestiones</span> <span class='ocrx_word' id='word_1_23' title='bbox 757 840 847 915; x_wconf 86' lang='lat' dir='ltr'>nihil</span> <span class='ocrx_word' id='word_1_24' title='bbox 879 837 981 913; x_wconf 81' lang='lat' dir='ltr'>suilla</span> <span class='ocrx_word' id='word_1_25' title='bbox 1013 831 1130 927; x_wconf 81' lang='lat' dir='ltr'>aliud,</span> <span class='ocrx_word' id='word_1_26' title='bbox 1161 856 1271 932; x_wconf 85' lang='lat' dir='ltr'>quam</span> <span class='ocrx_word' id='word_1_27' title='bbox 1305 832 1484 929; x_wconf 86' lang='lat' dir='ltr'>plalmos‚</span> <span class='ocrx_word' id='word_1_28' title='bbox 1508 831 1569 906; x_wconf 81' lang='lat' dir='ltr'>vel</span> <span class='ocrx_word' id='word_1_29' title='bbox 1593 830 1759 929; x_wconf 78' lang='lat' dir='ltr'>hymnos</span> <span class='ocrx_word' id='word_1_30' title='bbox 1784 849 1832 905; x_wconf 83' lang='lat' dir='ltr'>ex</span> 
     </span>
     <span class='ocr_line' id='line_1_5' title="bbox 555 930 1834 1037; baseline -0.009 -24"><span class='ocrx_word' id='word_1_31' title='bbox 555 937 702 1037; x_wconf 84' lang='lat' dir='ltr'>psalmis</span> <span class='ocrx_word' id='word_1_32' title='bbox 724 938 919 1033; x_wconf 71' lang='lat' dir='ltr'>colledbos,</span> <span class='ocrx_word' id='word_1_33' title='bbox 944 938 982 1013; x_wconf 75' lang='grc' dir='ltr'>’ἃ</span> <span class='ocrx_word' id='word_1_34' title='bbox 1000 939 1037 1011; x_wconf 92' lang='lat' dir='ltr'>in</span> <span class='ocrx_word' id='word_1_35' title='bbox 1053 934 1203 1011; x_wconf 83' lang='lat' dir='ltr'>diuersrs</span> <span class='ocrx_word' id='word_1_36' title='bbox 1223 932 1409 1009; x_wconf 82' lang='lat' dir='ltr'>canonicis</span> <span class='ocrx_word' id='word_1_37' title='bbox 1440 953 1596 1031; x_wconf 86' lang='lat' dir='ltr'>precum</span> <span class='ocrx_word' id='word_1_38' title='bbox 1616 930 1721 1006; x_wconf 88' lang='lat' dir='ltr'>horis</span> <span class='ocrx_word' id='word_1_39' title='bbox 1743 931 1834 1005; x_wconf 89' lang='lat' dir='ltr'>anti-</span> 
     </span>
     <span class='ocr_line' id='line_1_6' title="bbox 555 1029 1835 1140; baseline -0.011 -26"><span class='ocrx_word' id='word_1_40' title='bbox 555 1041 767 1138; x_wconf 87' lang='lat' dir='ltr'>phonarum</span> <span class='ocrx_word' id='word_1_41' title='bbox 793 1039 901 1116; x_wconf 89' lang='lat' dir='ltr'>inllar</span> <span class='ocrx_word' id='word_1_42' title='bbox 926 1037 1148 1114; x_wconf 76' lang='lat' dir='ltr'>decantatos.</span> <span class='ocrx_word' id='word_1_43' title='bbox 1225 1032 1301 1140; x_wconf 74' lang='lat' dir='ltr'>Qui</span> <span class='ocrx_word' id='word_1_44' title='bbox 1337 1034 1375 1107; x_wconf 92' lang='lat' dir='ltr'>in</span> <span class='ocrx_word' id='word_1_45' title='bbox 1408 1031 1568 1118; x_wconf 89' lang='lat' dir='ltr'>concilio</span> <span class='ocrx_word' id='word_1_46' title='bbox 1604 1032 1773 1127; x_wconf 76' lang='lat' dir='ltr'>Agathenfi</span> <span class='ocrx_word' id='word_1_47' title='bbox 1796 1029 1835 1128; x_wconf 84' lang='lat' dir='ltr'>b)</span> 
     </span>
     <span class='ocr_line' id='line_1_7' title="bbox 556 1129 1835 1239; baseline -0.007 -26"><span class='ocrx_word' id='word_1_48' title='bbox 556 1140 689 1217; x_wconf 87' lang='lat' dir='ltr'>diserte</span> <span class='ocrx_word' id='word_1_49' title='bbox 715 1161 896 1216; x_wconf 88' lang='lat' dir='ltr'>vocantur</span> <span class='ocrx_word' id='word_1_50' title='bbox 921 1135 1063 1239; x_wconf 64' lang='lat' dir='ltr'>capitale</span> <span class='ocrx_word' id='word_1_51' title='bbox 1081 1135 1128 1212; x_wconf 91' lang='lat' dir='ltr'>de</span> <span class='ocrx_word' id='word_1_52' title='bbox 1143 1131 1306 1234; x_wconf 82' lang='lat' dir='ltr'>psalmis,</span> <span class='ocrx_word' id='word_1_53' title='bbox 1326 1129 1500 1228; x_wconf 90' lang='lat' dir='ltr'>idemque&#39;</span> <span class='ocrx_word' id='word_1_54' title='bbox 1516 1151 1619 1207; x_wconf 89' lang='lat' dir='ltr'>erant</span> <span class='ocrx_word' id='word_1_55' title='bbox 1640 1153 1751 1229; x_wconf 82' lang='lat' dir='ltr'>atque</span> <span class='ocrx_word' id='word_1_56' title='bbox 1773 1154 1835 1205; x_wconf 88' lang='lat' dir='ltr'>an·</span> 
     </span>
     <span class='ocr_line' id='line_1_8' title="bbox 558 1229 1835 1339; baseline -0.008 -24"><span class='ocrx_word' id='word_1_57' title='bbox 558 1242 745 1337; x_wconf 84' lang='lat' dir='ltr'>tiphonae,</span> <span class='ocrx_word' id='word_1_58' title='bbox 763 1238 810 1315; x_wconf 89' lang='lat' dir='ltr'>de</span> <span class='ocrx_word' id='word_1_59' title='bbox 825 1238 970 1339; x_wconf 86' lang='lat' dir='ltr'>psalmis</span> <span class='ocrx_word' id='word_1_60' title='bbox 984 1235 1167 1330; x_wconf 69' lang='lat' dir='ltr'>conedae,</span> <span class='ocrx_word' id='word_1_61' title='bbox 1188 1235 1225 1311; x_wconf 79' lang='lat' dir='ltr'>dr</span> <span class='ocrx_word' id='word_1_62' title='bbox 1248 1234 1396 1310; x_wconf 78' lang='lat' dir='ltr'><strong>alternis</strong></span> <span class='ocrx_word' id='word_1_63' title='bbox 1409 1232 1571 1327; x_wconf 88' lang='lat' dir='ltr'>vicibus,</span> <span class='ocrx_word' id='word_1_64' title='bbox 1599 1229 1675 1310; x_wconf 82' lang='lat' dir='ltr'>slue</span> <span class='ocrx_word' id='word_1_65' title='bbox 1696 1230 1743 1308; x_wconf 88' lang='lat' dir='ltr'>ad</span> <span class='ocrx_word' id='word_1_66' title='bbox 1756 1254 1835 1306; x_wconf 90' lang='lat' dir='ltr'>mo·</span> 
     </span>
     <span class='ocr_line' id='line_1_9' title="bbox 559 1328 1834 1438; baseline -0.004 -25"><span class='ocrx_word' id='word_1_67' title='bbox 559 1340 649 1415; x_wconf 86' lang='lat' dir='ltr'>dum</span> <span class='ocrx_word' id='word_1_68' title='bbox 665 1338 964 1438; x_wconf 83' lang='lat' dir='ltr'>responstonum,</span> <span class='ocrx_word' id='word_1_69' title='bbox 979 1335 1186 1412; x_wconf 77' lang='lat' dir='ltr'>recitandae.</span> <span class='ocrx_word' id='word_1_70' title='bbox 1236 1333 1289 1409; x_wconf 84' lang='lat' dir='ltr'>Vt</span> <span class='ocrx_word' id='word_1_71' title='bbox 1299 1332 1415 1425; x_wconf 87' lang='lat' dir='ltr'>adeo,</span> <span class='ocrx_word' id='word_1_72' title='bbox 1435 1329 1617 1429; x_wconf 88' lang='lat' dir='ltr'>quidquid</span> <span class='ocrx_word' id='word_1_73' title='bbox 1635 1328 1683 1408; x_wconf 92' lang='lat' dir='ltr'>de</span> <span class='ocrx_word' id='word_1_74' title='bbox 1697 1329 1834 1408; x_wconf 85' lang='lat' dir='ltr'>saeculis</span> 
     </span>
     <span class='ocr_line' id='line_1_10' title="bbox 558 1429 1885 1539; baseline -0.011 -22"><span class='ocrx_word' id='word_1_75' title='bbox 558 1439 691 1517; x_wconf 87' lang='lat' dir='ltr'>mediis</span> <span class='ocrx_word' id='word_1_76' title='bbox 707 1441 778 1515; x_wconf 86' lang='lat' dir='ltr'>diei</span> <span class='ocrx_word' id='word_1_77' title='bbox 807 1436 947 1539; x_wconf 88' lang='lat' dir='ltr'>potest,</span> <span class='ocrx_word' id='word_1_78' title='bbox 971 1437 1112 1513; x_wconf 90' lang='lat' dir='ltr'>nullum</span> <span class='ocrx_word' id='word_1_79' title='bbox 1133 1458 1255 1514; x_wconf 89' lang='lat' dir='ltr'>tamen</span> <span class='ocrx_word' id='word_1_80' title='bbox 1279 1431 1559 1509; x_wconf 83' lang='lat' dir='ltr'>fundamentum</span> <span class='ocrx_word' id='word_1_81' title='bbox 1582 1431 1690 1509; x_wconf 89' lang='lat' dir='ltr'>huius</span> <span class='ocrx_word' id='word_1_82' title='bbox 1715 1429 1836 1507; x_wconf 83' lang='lat' dir='ltr'>dillin-</span> <span class='ocrx_word' id='word_1_83' title='bbox 1882 1456 1885 1462; x_wconf 92' lang='lat'>·</span> 
     </span>
     <span class='ocr_line' id='line_1_11' title="bbox 559 1531 1837 1630; baseline -0.006 -13"><span class='ocrx_word' id='word_1_84' title='bbox 559 1539 694 1617; x_wconf 62' lang='lat' dir='ltr'>ilionis</span> <span class='ocrx_word' id='word_1_85' title='bbox 716 1541 810 1615; x_wconf 90' lang='lat' dir='ltr'>inter</span> <span class='ocrx_word' id='word_1_86' title='bbox 835 1543 995 1615; x_wconf 87' lang='lat' dir='ltr'>maiores</span> <span class='ocrx_word' id='word_1_87' title='bbox 1021 1538 1059 1614; x_wconf 72' lang='grc' dir='ltr'>ὃ(</span> <span class='ocrx_word' id='word_1_88' title='bbox 1080 1538 1246 1612; x_wconf 89' lang='lat' dir='ltr'>minores</span> <span class='ocrx_word' id='word_1_89' title='bbox 1272 1532 1450 1611; x_wconf 70' lang='lat' dir='ltr'>ledliones</span> <span class='ocrx_word' id='word_1_90' title='bbox 1476 1538 1515 1608; x_wconf 93' lang='lat' dir='ltr'>in</span> <span class='ocrx_word' id='word_1_91' title='bbox 1536 1534 1689 1630; x_wconf 83' lang='lat' dir='ltr'>antiquo</span> <span class='ocrx_word' id='word_1_92' title='bbox 1710 1531 1837 1609; x_wconf 86' lang='lat' dir='ltr'>officio</span> 
     </span>
     <span class='ocr_line' id='line_1_12' title="bbox 485 1632 1836 1819; baseline -0.011 -95"><span class='ocrx_word' id='word_1_93' title='bbox 485 1720 487 1724; x_wconf 83' lang='lat'><em>.</em></span> <span class='ocrx_word' id='word_1_94' title='bbox 556 1642 781 1819; x_wconf 47' lang='lat' dir='ltr'>partiatur,</span> <span class='ocrx_word' id='word_1_95' title='bbox 797 1638 862 1718; x_wconf 87' lang='lat' dir='ltr'>nist</span> <span class='ocrx_word' id='word_1_96' title='bbox 877 1661 1054 1756; x_wconf 76' lang='lat' dir='ltr'>quatenus</span> <span class='ocrx_word' id='word_1_97' title='bbox 1068 1635 1266 1715; x_wconf 64' lang='lat' dir='ltr'>leflionem</span> <span class='ocrx_word' id='word_1_98' title='bbox 1289 1633 1514 1736; x_wconf 82' lang='lat' dir='ltr'>psalmorum</span> <span class='ocrx_word' id='word_1_99' title='bbox 1528 1656 1601 1735; x_wconf 89' lang='lat' dir='ltr'>pro</span> <span class='ocrx_word' id='word_1_100' title='bbox 1614 1632 1836 1711; x_wconf 69' lang='lat' dir='ltr'>lestionibus</span> 
     </span>
     <span class='ocr_line' id='line_1_13' title="bbox 574 1759 1671 1844; baseline -0.006 -27"><span class='ocrx_word' id='word_1_101' title='bbox 574 1764 823 1844; x_wconf 81' lang='lat' dir='ltr'>erupturamm</span> <span class='ocrx_word' id='word_1_102' title='bbox 837 1759 1066 1839; x_wconf 75' lang='lat' dir='ltr'>accipiamus.</span> <span class='ocrx_word' id='word_1_103' title='bbox 1630 1775 1640 1790; x_wconf 54' lang='grc' dir='ltr'><em>ι</em></span> <span class='ocrx_word' id='word_1_104' title='bbox 1667 1779 1671 1786; x_wconf 92' lang='lat'><strong>·</strong></span> 
     </span>
    </p>
   </div>
   <div class='ocr_carea' id='block_1_4' title="bbox 546 1942 1839 2342">
    <p class='ocr_par' dir='ltr' id='par_1_4' title="bbox 546 1942 1839 2342">
     <span class='ocr_line' id='line_1_14' title="bbox 546 1942 1752 2057; baseline -0.002 -29"><span class='ocrx_word' id='word_1_105' title='bbox 546 1990 550 2002; x_wconf 89' lang='lat'>.</span> <span class='ocrx_word' id='word_1_106' title='bbox 652 1949 760 2057; x_wconf 76' lang='lat' dir='ltr'>Quid</span> <span class='ocrx_word' id='word_1_107' title='bbox 770 1954 811 2029; x_wconf 86' lang='lat' dir='ltr'>in</span> <span class='ocrx_word' id='word_1_108' title='bbox 826 1942 1051 2055; x_wconf 78' lang='lat' dir='ltr'>ecclefiasub</span> <span class='ocrx_word' id='word_1_109' title='bbox 1067 1952 1184 2027; x_wconf 81' lang='lat' dir='ltr'>titulo</span> <span class='ocrx_word' id='word_1_110' title='bbox 1201 1949 1393 2025; x_wconf 75' lang='lat' dir='ltr'>lct‘liomrm</span> <span class='ocrx_word' id='word_1_111' title='bbox 1410 1947 1584 2049; x_wconf 80' lang='lat' dir='ltr'>potuerit</span> <span class='ocrx_word' id='word_1_112' title='bbox 1606 1951 1670 2027; x_wconf 85' lang='lat' dir='ltr'>uel</span> <span class='ocrx_word' id='word_1_113' title='bbox 1679 1973 1752 2026; x_wconf 87' lang='lat' dir='ltr'>non</span> 
     </span>
     <span class='ocr_line' id='line_1_15' title="bbox 941 2049 1703 2164; baseline 0.001 -31"><span class='ocrx_word' id='word_1_114' title='bbox 941 2132 945 2142; x_wconf 86' lang='grc'><strong>,</strong></span> <span class='ocrx_word' id='word_1_115' title='bbox 1056 2065 1228 2160; x_wconf 78' lang='lat' dir='ltr'>potuerit</span> <span class='ocrx_word' id='word_1_116' title='bbox 1249 2061 1336 2164; x_wconf 74' lang='lat' dir='ltr'>legi.</span> <span class='ocrx_word' id='word_1_117' title='bbox 1573 2073 1616 2134; x_wconf 91' lang='grc'>·.</span> <span class='ocrx_word' id='word_1_118' title='bbox 1666 2049 1703 2096; x_wconf 67' lang='lat'>&#39;³‘</span> 
     </span>
     <span class='ocr_line' id='line_1_16' title="bbox 676 2163 1839 2342; baseline 0.001 -96"><span class='ocrx_word' id='word_1_119' title='bbox 676 2170 811 2248; x_wconf 74' lang='lat' dir='ltr'>Novi</span> <span class='ocrx_word' id='word_1_120' title='bbox 837 2165 1029 2269; x_wconf 84' lang='lat' dir='ltr'>equidem,</span> <span class='ocrx_word' id='word_1_121' title='bbox 1054 2187 1356 2242; x_wconf 77' lang='lat' dir='ltr'>svovsrtuvu</span> <span class='ocrx_word' id='word_1_122' title='bbox 1382 2166 1419 2242; x_wconf 88' lang='lat' dir='ltr'>in</span> <span class='ocrx_word' id='word_1_123' title='bbox 1435 2163 1590 2244; x_wconf 82' lang='lat' dir='ltr'>homilia</span> <span class='ocrx_word' id='word_1_124' title='bbox 1608 2165 1839 2342; x_wconf 46' lang='lat' dir='ltr'>{suadamsua</span> 
     </span>
    </p>
   </div>
   <div class='ocr_carea' id='block_1_5' title="bbox 562 2260 1883 2465">
    <p class='ocr_par' dir='ltr' id='par_1_5' title="bbox 562 2260 1883 2465">
     <span class='ocr_line' id='line_1_17' title="bbox 562 2260 1883 2374; baseline 0 -28"><span class='ocrx_word' id='word_1_125' title='bbox 562 2271 612 2374; x_wconf 84' lang='lat' dir='ltr'>c),</span> <span class='ocrx_word' id='word_1_126' title='bbox 637 2295 748 2367; x_wconf 87' lang='lat' dir='ltr'>quam</span> <span class='ocrx_word' id='word_1_127' title='bbox 764 2290 1075 2345; x_wconf 74' lang='lat' dir='ltr'>uastatoutvs</span> <span class='ocrx_word' id='word_1_128' title='bbox 1089 2267 1128 2341; x_wconf 73' lang='grc' dir='ltr'>ἃ</span> <span class='ocrx_word' id='word_1_129' title='bbox 1144 2268 1345 2338; x_wconf 75' lang='lat' dir='ltr'>Bmeaillini</span> <span class='ocrx_word' id='word_1_130' title='bbox 1365 2266 1403 2341; x_wconf 90' lang='lat' dir='ltr'>in</span> <span class='ocrx_word' id='word_1_131' title='bbox 1425 2260 1588 2343; x_wconf 86' lang='lat' dir='ltr'>editione</span> <span class='ocrx_word' id='word_1_132' title='bbox 1621 2292 1669 2345; x_wconf 87' lang='lat' dir='ltr'>ua</span> <span class='ocrx_word' id='word_1_133' title='bbox 1691 2269 1837 2348; x_wconf 85' lang='lat' dir='ltr'>nouiffi·</span> <span class='ocrx_word' id='word_1_134' title='bbox 1880 2298 1883 2304; x_wconf 89' lang='lat'>·</span> 
     </span>
     <span class='ocr_line' id='line_1_18' title="bbox 563 2357 1839 2465; baseline 0 -17"><span class='ocrx_word' id='word_1_135' title='bbox 563 2396 625 2448; x_wconf 85' lang='lat' dir='ltr'>ma</span> <span class='ocrx_word' id='word_1_136' title='bbox 645 2377 889 2458; x_wconf 73' lang='lat' dir='ltr'>erasmo,</span> <span class='ocrx_word' id='word_1_137' title='bbox 913 2364 1070 2444; x_wconf 82' lang='lat' dir='ltr'>ecclestae</span> <span class='ocrx_word' id='word_1_138' title='bbox 1089 2369 1274 2463; x_wconf 78' lang='lat' dir='ltr'>Arelatenfis</span> <span class='ocrx_word' id='word_1_139' title='bbox 1295 2364 1485 2465; x_wconf 87' lang='lat' dir='ltr'>episcopo,</span> <span class='ocrx_word' id='word_1_140' title='bbox 1497 2364 1722 2462; x_wconf 79' lang='lat' dir='ltr'>adscribunt,</span> <span class='ocrx_word' id='word_1_141' title='bbox 1737 2357 1839 2448; x_wconf 70' lang='lat' dir='ltr'>dele·</span> 
     </span>
    </p>
   </div>
   <div class='ocr_carea' id='block_1_6' title="bbox 440 2464 1841 2570">
    <p class='ocr_par' dir='ltr' id='par_1_6' title="bbox 440 2464 1841 2570">
     <span class='ocr_line' id='line_1_19' title="bbox 440 2464 1841 2570; baseline -0.001 -26"><span class='ocrx_word' id='word_1_142' title='bbox 440 2565 443 2570; x_wconf 21' lang='grc' dir='ltr'>Ι</span> <span class='ocrx_word' id='word_1_143' title='bbox 552 2467 752 2548; x_wconf 69' lang='grc' dir='ltr'>’ξὶίοηίδιιε</span> <span class='ocrx_word' id='word_1_144' title='bbox 770 2467 1006 2568; x_wconf 77' lang='lat' dir='ltr'>longioribus</span> <span class='ocrx_word' id='word_1_145' title='bbox 1032 2464 1322 2542; x_wconf 87' lang='lat' dir='ltr'>&amp;breuioribus</span> <span class='ocrx_word' id='word_1_146' title='bbox 1349 2465 1473 2563; x_wconf 72' lang='lat' dir='ltr'>loquis</span> <span class='ocrx_word' id='word_1_147' title='bbox 1515 2491 1648 2544; x_wconf 92' lang='lat' dir='ltr'>verum</span> <span class='ocrx_word' id='word_1_148' title='bbox 1671 2469 1841 2548; x_wconf 76' lang='lat' dir='ltr'>huonon</span> 
     </span>
    </p>
   </div>
   <div class='ocr_carea' id='block_1_7' title="bbox 472 2564 1878 4021">
    <p class='ocr_par' dir='ltr' id='par_1_7' title="bbox 472 2564 1878 4021">
     <span class='ocr_line' id='line_1_20' title="bbox 549 2564 1841 2668; baseline 0.002 -21"><span class='ocrx_word' id='word_1_149' title='bbox 549 2569 608 2647; x_wconf 85' lang='lat' dir='ltr'>·fit</span> <span class='ocrx_word' id='word_1_150' title='bbox 623 2568 808 2668; x_wconf 84' lang='lat' dir='ltr'><strong>longioris</strong></span> <span class='ocrx_word' id='word_1_151' title='bbox 823 2564 936 2644; x_wconf 87' lang='lat' dir='ltr'>officii</span> <span class='ocrx_word' id='word_1_152' title='bbox 961 2568 1146 2663; x_wconf 87' lang='lat' dir='ltr'>matutini,</span> <span class='ocrx_word' id='word_1_153' title='bbox 1181 2566 1218 2642; x_wconf 77' lang='grc' dir='ltr'>ἃ</span> <span class='ocrx_word' id='word_1_154' title='bbox 1237 2566 1419 2647; x_wconf 84' lang='lat' dir='ltr'>breuioris</span> <span class='ocrx_word' id='word_1_155' title='bbox 1448 2564 1560 2643; x_wconf 89' lang='lat' dir='ltr'>officii</span> <span class='ocrx_word' id='word_1_156' title='bbox 1579 2574 1841 2649; x_wconf 85' lang='lat' dir='ltr'>canonicarum</span> 
     </span>
     <span class='ocr_line' id='line_1_21' title="bbox 564 2666 1840 2767; baseline 0.001 -18"><span class='ocrx_word' id='word_1_157' title='bbox 564 2672 744 2751; x_wconf 83' lang='lat' dir='ltr'>horarum</span> <span class='ocrx_word' id='word_1_158' title='bbox 767 2669 916 2759; x_wconf 89' lang='lat' dir='ltr'>intuitu,</span> <span class='ocrx_word' id='word_1_159' title='bbox 942 2666 1003 2744; x_wconf 91' lang='lat' dir='ltr'>sed</span> <span class='ocrx_word' id='word_1_160' title='bbox 1025 2691 1072 2744; x_wconf 86' lang='lat' dir='ltr'>ex</span> <span class='ocrx_word' id='word_1_161' title='bbox 1100 2668 1208 2767; x_wconf 84' lang='lat' dir='ltr'>plane</span> <span class='ocrx_word' id='word_1_162' title='bbox 1232 2666 1371 2744; x_wconf 87' lang='lat' dir='ltr'>diuersa</span> <span class='ocrx_word' id='word_1_163' title='bbox 1392 2668 1546 2747; x_wconf 85' lang='lat' dir='ltr'>ratione.</span> <span class='ocrx_word' id='word_1_164' title='bbox 1619 2669 1717 2749; x_wconf 90' lang='lat' dir='ltr'>Heic</span> <span class='ocrx_word' id='word_1_165' title='bbox 1737 2675 1840 2750; x_wconf 88' lang='lat' dir='ltr'>enim</span> 
     </span>
     <span class='ocr_line' id='line_1_22' title="bbox 568 2754 1843 2871; baseline 0.002 -23"><span class='ocrx_word' id='word_1_166' title='bbox 568 2770 812 2871; x_wconf 86' lang='lat' dir='ltr'>supponitur,</span> <span class='ocrx_word' id='word_1_167' title='bbox 834 2768 938 2867; x_wconf 92' lang='lat' dir='ltr'>quod</span> <span class='ocrx_word' id='word_1_168' title='bbox 952 2788 1090 2869; x_wconf 78' lang='lat' dir='ltr'>praeter</span> <span class='ocrx_word' id='word_1_169' title='bbox 1106 2754 1283 2845; x_wconf 67' lang='lat' dir='ltr'>ledliones</span> <span class='ocrx_word' id='word_1_170' title='bbox 1297 2767 1558 2867; x_wconf 84' lang='lat' dir='ltr'>scripturarum</span> <span class='ocrx_word' id='word_1_171' title='bbox 1572 2770 1843 2850; x_wconf 83' lang='lat' dir='ltr'>aliaenonnum·</span> 
     </span>
     <span class='ocr_line' id='line_1_23' title="bbox 566 2867 1842 2972; baseline 0.001 -25"><span class='ocrx_word' id='word_1_172' title='bbox 566 2895 678 2972; x_wconf 83' lang='lat' dir='ltr'>quarn</span> <span class='ocrx_word' id='word_1_173' title='bbox 700 2871 877 2948; x_wconf 72' lang='lat' dir='ltr'>lestiones</span> <span class='ocrx_word' id='word_1_174' title='bbox 898 2892 946 2946; x_wconf 85' lang='lat' dir='ltr'>ex</span> <span class='ocrx_word' id='word_1_175' title='bbox 966 2868 1128 2945; x_wconf 87' lang='lat' dir='ltr'>homiliis</span> <span class='ocrx_word' id='word_1_176' title='bbox 1150 2891 1315 2967; x_wconf 87' lang='lat' dir='ltr'>patrum,</span> <span class='ocrx_word' id='word_1_177' title='bbox 1337 2868 1397 2946; x_wconf 93' lang='lat' dir='ltr'>vel</span> <span class='ocrx_word' id='word_1_178' title='bbox 1420 2867 1507 2946; x_wconf 73' lang='lat' dir='ltr'>allis</span> <span class='ocrx_word' id='word_1_179' title='bbox 1523 2891 1732 2972; x_wconf 84' lang='lat' dir='ltr'>martyrum</span> <span class='ocrx_word' id='word_1_180' title='bbox 1753 2875 1842 2954; x_wconf 87' lang='lat' dir='ltr'>reci·</span> 
     </span>
     <span class='ocr_line' id='line_1_24' title="bbox 565 2967 1844 3070; baseline 0.004 -22"><span class='ocrx_word' id='word_1_181' title='bbox 565 2976 634 3048; x_wconf 83' lang='lat' dir='ltr'>tari</span> <span class='ocrx_word' id='word_1_182' title='bbox 648 2970 759 3047; x_wconf 83' lang='lat' dir='ltr'>solitar</span> <span class='ocrx_word' id='word_1_183' title='bbox 770 2968 862 3062; x_wconf 77' lang='lat' dir='ltr'>snt,</span> <span class='ocrx_word' id='word_1_184' title='bbox 887 2994 970 3067; x_wconf 80' lang='lat' dir='ltr'>quoe</span> <span class='ocrx_word' id='word_1_185' title='bbox 986 2994 1100 3067; x_wconf 88' lang='lat' dir='ltr'>quum</span> <span class='ocrx_word' id='word_1_186' title='bbox 1110 2967 1297 3045; x_wconf 86' lang='lat' dir='ltr'>interdurn</span> <span class='ocrx_word' id='word_1_187' title='bbox 1310 2970 1502 3070; x_wconf 81' lang='lat' dir='ltr'>longiores</span> <span class='ocrx_word' id='word_1_188' title='bbox 1516 2969 1647 3070; x_wconf 86' lang='lat' dir='ltr'>ellent,</span> <span class='ocrx_word' id='word_1_189' title='bbox 1674 2969 1763 3051; x_wconf 89' lang='lat' dir='ltr'>ideo</span> <span class='ocrx_word' id='word_1_190' title='bbox 1776 2974 1844 3054; x_wconf 91' lang='lat' dir='ltr'>ho·</span> 
     </span>
     <span class='ocr_line' id='line_1_25' title="bbox 568 3067 1843 3160; baseline 0.003 -11"><span class='ocrx_word' id='word_1_191' title='bbox 568 3073 729 3149; x_wconf 85' lang='lat' dir='ltr'>minibus</span> <span class='ocrx_word' id='word_1_192' title='bbox 755 3067 1021 3147; x_wconf 89' lang='lat' dir='ltr'>infirmioribus</span> <span class='ocrx_word' id='word_1_193' title='bbox 1058 3067 1211 3145; x_wconf 88' lang='lat' dir='ltr'>dabatur</span> <span class='ocrx_word' id='word_1_194' title='bbox 1243 3071 1368 3160; x_wconf 83' lang='lat' dir='ltr'>venia,</span> <span class='ocrx_word' id='word_1_195' title='bbox 1401 3090 1443 3147; x_wconf 92' lang='lat' dir='ltr'>vt</span> <span class='ocrx_word' id='word_1_196' title='bbox 1473 3068 1639 3149; x_wconf 84' lang='lat' dir='ltr'>ledentes</span> <span class='ocrx_word' id='word_1_197' title='bbox 1674 3074 1843 3153; x_wconf 84' lang='lat' dir='ltr'>ausculta·</span> 
     </span>
     <span class='ocr_line' id='line_1_26' title="bbox 567 3168 1844 3276; baseline 0.002 -25"><span class='ocrx_word' id='word_1_198' title='bbox 567 3193 663 3251; x_wconf 86' lang='lat' dir='ltr'>rent.</span> <span class='ocrx_word' id='word_1_199' title='bbox 712 3170 840 3271; x_wconf 84' lang='lat' dir='ltr'>Atque</span> <span class='ocrx_word' id='word_1_200' title='bbox 861 3169 936 3246; x_wconf 90' lang='lat' dir='ltr'>hoc</span> <span class='ocrx_word' id='word_1_201' title='bbox 953 3168 1000 3246; x_wconf 81' lang='lat' dir='ltr'>ad</span> <span class='ocrx_word' id='word_1_202' title='bbox 1022 3168 1471 3247; x_wconf 61' lang='lat' dir='ltr'>nouam‘obseruationem</span> <span class='ocrx_word' id='word_1_203' title='bbox 1493 3170 1540 3248; x_wconf 92' lang='lat' dir='ltr'>de</span> <span class='ocrx_word' id='word_1_204' title='bbox 1566 3174 1714 3271; x_wconf 84' lang='lat' dir='ltr'>antiqua</span> <span class='ocrx_word' id='word_1_205' title='bbox 1736 3176 1844 3276; x_wconf 83' lang='lat' dir='ltr'>praxi</span> 
     </span>
     <span class='ocr_line' id='line_1_27' title="bbox 566 3268 1843 3368; baseline 0.002 -16"><span class='ocrx_word' id='word_1_206' title='bbox 566 3269 771 3352; x_wconf 82' lang='lat' dir='ltr'>faciendam</span> <span class='ocrx_word' id='word_1_207' title='bbox 791 3293 863 3349; x_wconf 86' lang='lat' dir='ltr'>nos</span> <span class='ocrx_word' id='word_1_208' title='bbox 886 3268 1056 3367; x_wconf 86' lang='lat' dir='ltr'>deducit,</span> <span class='ocrx_word' id='word_1_209' title='bbox 1090 3268 1195 3368; x_wconf 90' lang='lat' dir='ltr'>quod</span> <span class='ocrx_word' id='word_1_210' title='bbox 1225 3270 1264 3344; x_wconf 92' lang='lat' dir='ltr'>in</span> <span class='ocrx_word' id='word_1_211' title='bbox 1295 3270 1514 3365; x_wconf 87' lang='lat' dir='ltr'>quibusdam</span> <span class='ocrx_word' id='word_1_212' title='bbox 1550 3296 1650 3351; x_wconf 89' lang='lat' dir='ltr'>certe</span> <span class='ocrx_word' id='word_1_213' title='bbox 1686 3275 1843 3355; x_wconf 77' lang='lat' dir='ltr'>ecclesiis</span> 
     </span>
     <span class='ocr_line' id='line_1_28' title="bbox 492 3368 1846 3550; baseline 0.001 -98"><span class='ocrx_word' id='word_1_214' title='bbox 492 3388 494 3392; x_wconf 81' lang='grc'><strong>’</strong></span> <span class='ocrx_word' id='word_1_215' title='bbox 566 3393 706 3550; x_wconf 54' lang='lat' dir='ltr'>freter</span> <span class='ocrx_word' id='word_1_216' title='bbox 727 3369 922 3471; x_wconf 88' lang='lat' dir='ltr'>scripturas</span> <span class='ocrx_word' id='word_1_217' title='bbox 945 3372 1139 3451; x_wconf 75' lang='lat' dir='ltr'>canonicas</span> <span class='ocrx_word' id='word_1_218' title='bbox 1172 3370 1240 3449; x_wconf 88' lang='lat' dir='ltr'>alia</span> <span class='ocrx_word' id='word_1_219' title='bbox 1271 3368 1473 3473; x_wconf 87' lang='lat' dir='ltr'>scriptaad</span> <span class='ocrx_word' id='word_1_220' title='bbox 1503 3372 1661 3452; x_wconf 88' lang='lat' dir='ltr'>modum</span> <span class='ocrx_word' id='word_1_221' title='bbox 1688 3376 1846 3477; x_wconf 84' lang='lat' dir='ltr'>publicae</span> 
     </span>
     <span class='ocr_line' id='line_1_29' title="bbox 472 3471 1847 3576; baseline 0.001 -26"><span class='ocrx_word' id='word_1_222' title='bbox 472 3514 477 3523; x_wconf 92' lang='lat'>·</span> <span class='ocrx_word' id='word_1_223' title='bbox 582 3474 736 3550; x_wconf 68' lang='lat' dir='ltr'>aaronis</span> <span class='ocrx_word' id='word_1_224' title='bbox 754 3472 792 3547; x_wconf 76' lang='grc' dir='ltr'>ἃ</span> <span class='ocrx_word' id='word_1_225' title='bbox 808 3471 1055 3551; x_wconf 73' lang='grc' dir='ltr'>ἰηίὶτυᾶἰοιιίε</span> <span class='ocrx_word' id='word_1_226' title='bbox 1070 3472 1197 3574; x_wconf 84' lang='lat' dir='ltr'>legere</span> <span class='ocrx_word' id='word_1_227' title='bbox 1221 3471 1358 3550; x_wconf 86' lang='lat' dir='ltr'>licitum</span> <span class='ocrx_word' id='word_1_228' title='bbox 1382 3471 1511 3561; x_wconf 85' lang='lat' dir='ltr'>fuerit,</span> <span class='ocrx_word' id='word_1_229' title='bbox 1535 3477 1695 3576; x_wconf 84' lang='lat' dir='ltr'>exempli</span> <span class='ocrx_word' id='word_1_230' title='bbox 1717 3476 1847 3574; x_wconf 73' lang='lat' dir='ltr'>euulsa,</span> 
     </span>
     <span class='ocr_line' id='line_1_30' title="bbox 571 3572 1848 3672; baseline -0.002 -22"><span class='ocrx_word' id='word_1_231' title='bbox 571 3572 651 3649; x_wconf 68' lang='lat' dir='ltr'>alla</span> <span class='ocrx_word' id='word_1_232' title='bbox 664 3590 869 3668; x_wconf 81' lang='lat' dir='ltr'>martyrum</span> <span class='ocrx_word' id='word_1_233' title='bbox 884 3572 922 3643; x_wconf 91' lang='lat' dir='ltr'>in</span> <span class='ocrx_word' id='word_1_234' title='bbox 942 3573 1070 3647; x_wconf 89' lang='lat' dir='ltr'>diebus</span> <span class='ocrx_word' id='word_1_235' title='bbox 1085 3578 1278 3651; x_wconf 81' lang='lat' dir='ltr'>memoriae</span> <span class='ocrx_word' id='word_1_236' title='bbox 1304 3598 1436 3651; x_wconf 88' lang='lat' dir='ltr'>eorum</span> <span class='ocrx_word' id='word_1_237' title='bbox 1456 3574 1575 3667; x_wconf 82' lang='lat' dir='ltr'>sacris,</span> <span class='ocrx_word' id='word_1_238' title='bbox 1598 3575 1768 3650; x_wconf 83' lang='lat' dir='ltr'>homilias</span> <span class='ocrx_word' id='word_1_239' title='bbox 1784 3599 1848 3672; x_wconf 84' lang='lat' dir='ltr'>pa-</span> 
     </span>
     <span class='ocr_line' id='line_1_31' title="bbox 570 3666 1848 3768; baseline -0.002 -17"><span class='ocrx_word' id='word_1_240' title='bbox 570 3694 690 3767; x_wconf 87' lang='lat' dir='ltr'>trum,</span> <span class='ocrx_word' id='word_1_241' title='bbox 718 3666 888 3768; x_wconf 80' lang='lat' dir='ltr'>epistolas</span> <span class='ocrx_word' id='word_1_242' title='bbox 909 3691 951 3742; x_wconf 90' lang='lat' dir='ltr'>ac</span> <span class='ocrx_word' id='word_1_243' title='bbox 976 3668 1148 3744; x_wconf 66' lang='lat' dir='ltr'>nudatus</span> <span class='ocrx_word' id='word_1_244' title='bbox 1172 3672 1323 3765; x_wconf 88' lang='lat' dir='ltr'>piorum</span> <span class='ocrx_word' id='word_1_245' title='bbox 1346 3672 1561 3766; x_wconf 87' lang='lat' dir='ltr'>hominurn,</span> <span class='ocrx_word' id='word_1_246' title='bbox 1586 3672 1722 3749; x_wconf 80' lang='lat' dir='ltr'>litteras</span> <span class='ocrx_word' id='word_1_247' title='bbox 1746 3694 1848 3749; x_wconf 89' lang='lat' dir='ltr'>corn·</span> 
     </span>
     <span class='ocr_line' id='line_1_32' title="bbox 502 3765 1878 3868; baseline -0.001 -18"><span class='ocrx_word' id='word_1_248' title='bbox 502 3853 505 3868; x_wconf 27' lang='grc' dir='ltr'>ι</span> <span class='ocrx_word' id='word_1_249' title='bbox 570 3768 830 3850; x_wconf 82' lang='lat' dir='ltr'>municatorias</span> <span class='ocrx_word' id='word_1_250' title='bbox 853 3765 1011 3844; x_wconf 85' lang='lat' dir='ltr'>eeclefiae</span> <span class='ocrx_word' id='word_1_251' title='bbox 1029 3768 1136 3846; x_wconf 91' lang='lat' dir='ltr'>vnius</span> <span class='ocrx_word' id='word_1_252' title='bbox 1155 3765 1203 3843; x_wconf 88' lang='lat' dir='ltr'>ad</span> <span class='ocrx_word' id='word_1_253' title='bbox 1229 3768 1379 3844; x_wconf 86' lang='lat' dir='ltr'>alteram</span> <span class='ocrx_word' id='word_1_254' title='bbox 1404 3790 1490 3845; x_wconf 88' lang='lat' dir='ltr'>cum</span> <span class='ocrx_word' id='word_1_255' title='bbox 1519 3769 1629 3848; x_wconf 86' lang='lat' dir='ltr'>rebus</span> <span class='ocrx_word' id='word_1_256' title='bbox 1653 3768 1847 3848; x_wconf 86' lang='lat' dir='ltr'>confimili·</span> <span class='ocrx_word' id='word_1_257' title='bbox 1875 3849 1878 3856; x_wconf 84' lang='grc'>,</span> 
     </span>
     <span class='ocr_line' id='line_1_33' title="bbox 540 3864 1849 3967; baseline 0.002 -15"><span class='ocrx_word' id='word_1_258' title='bbox 540 3937 542 3941; x_wconf 66' lang='lat'>,</span> <span class='ocrx_word' id='word_1_259' title='bbox 570 3874 641 3952; x_wconf 90' lang='lat' dir='ltr'>bus</span> <span class='ocrx_word' id='word_1_260' title='bbox 663 3871 750 3948; x_wconf 84' lang='lat' dir='ltr'>aliis.</span> <span class='ocrx_word' id='word_1_261' title='bbox 800 3864 982 3947; x_wconf 83' lang='lat' dir='ltr'>Palliones</span> <span class='ocrx_word' id='word_1_262' title='bbox 1010 3888 1218 3967; x_wconf 87' lang='lat' dir='ltr'>martyrum</span> <span class='ocrx_word' id='word_1_263' title='bbox 1241 3889 1524 3965; x_wconf 78' lang='lat' dir='ltr'>nonnumquam</span> <span class='ocrx_word' id='word_1_264' title='bbox 1548 3871 1645 3946; x_wconf 88' lang='lat' dir='ltr'>inter</span> <span class='ocrx_word' id='word_1_265' title='bbox 1668 3870 1849 3955; x_wconf 75' lang='lat' dir='ltr'>lettiones</span> 
     </span>
     <span class='ocr_line' id='line_1_34' title="bbox 570 3991 1848 4021; baseline 0.002 -5"><span class='ocrx_word' id='word_1_266' title='bbox 570 3991 1848 4021; x_wconf 51' lang='lat' dir='ltr'>mm</span> 
     </span>
    </p>
   </div>
   <div class='ocr_carea' id='block_1_8' title="bbox 571 4050 1850 4484">
    <p class='ocr_par' dir='ltr' id='par_1_8' title="bbox 571 4050 1850 4384">
     <span class='ocr_line' id='line_1_35' title="bbox 615 4050 1847 4138; baseline 0 -23"><span class='ocrx_word' id='word_1_267' title='bbox 615 4060 651 4138; x_wconf 87' lang='lat' dir='ltr'>b)</span> <span class='ocrx_word' id='word_1_268' title='bbox 666 4055 779 4120; x_wconf 74' lang='lat' dir='ltr'>concil</span> <span class='ocrx_word' id='word_1_269' title='bbox 795 4050 898 4137; x_wconf 80' lang='lat' dir='ltr'>Agath.</span> <span class='ocrx_word' id='word_1_270' title='bbox 914 4055 1035 4125; x_wconf 70' lang='lat' dir='ltr'>em,</span> <span class='ocrx_word' id='word_1_271' title='bbox 1077 4054 1189 4113; x_wconf 82' lang='lat' dir='ltr'>lneon·</span> <span class='ocrx_word' id='word_1_272' title='bbox 1232 4053 1406 4115; x_wconf 69' lang='lat' dir='ltr'>benedidin.</span> <span class='ocrx_word' id='word_1_273' title='bbox 1471 4054 1596 4137; x_wconf 72' lang='lat' dir='ltr'>Quando</span> <span class='ocrx_word' id='word_1_274' title='bbox 1633 4065 1681 4112; x_wconf 86' lang='lat' dir='ltr'>aut</span> <span class='ocrx_word' id='word_1_275' title='bbox 1712 4051 1847 4132; x_wconf 81' lang='lat' dir='ltr'>palliones</span> 
     </span>
     <span class='ocr_line' id='line_1_36' title="bbox 571 4136 1848 4221; baseline -0.006 -14"><span class='ocrx_word' id='word_1_276' title='bbox 571 4143 697 4213; x_wconf 67' lang='lat' dir='ltr'>cinitone</span> <span class='ocrx_word' id='word_1_277' title='bbox 708 4140 909 4200; x_wconf 80' lang='lat' dir='ltr'>matutinarum</span> <span class='ocrx_word' id='word_1_278' title='bbox 923 4142 967 4201; x_wconf 81' lang='lat' dir='ltr'>tel</span> <span class='ocrx_word' id='word_1_279' title='bbox 976 4138 1190 4219; x_wconf 78' lang='lat' dir='ltr'>vespertinarum</span> <span class='ocrx_word' id='word_1_280' title='bbox 1231 4141 1348 4221; x_wconf 75' lang='lat' dir='ltr'>prolixa</span> <span class='ocrx_word' id='word_1_281' title='bbox 1366 4151 1416 4199; x_wconf 81' lang='lat' dir='ltr'>aut</span> <span class='ocrx_word' id='word_1_282' title='bbox 1435 4153 1509 4199; x_wconf 83' lang='lat' dir='ltr'>cette</span> <span class='ocrx_word' id='word_1_283' title='bbox 1529 4139 1630 4218; x_wconf 69' lang='lat' dir='ltr'>alique</span> <span class='ocrx_word' id='word_1_284' title='bbox 1648 4136 1772 4200; x_wconf 66' lang='lat' dir='ltr'>letalem</span> <span class='ocrx_word' id='word_1_285' title='bbox 1790 4139 1848 4203; x_wconf 81' lang='lat' dir='ltr'>lm·</span> 
     </span>
     <span class='ocr_line' id='line_1_37' title="bbox 573 4224 1849 4311; baseline -0.006 -18"><span class='ocrx_word' id='word_1_286' title='bbox 573 4228 715 4296; x_wconf 77' lang='lat' dir='ltr'>mlll‘arurn</span> <span class='ocrx_word' id='word_1_287' title='bbox 729 4225 789 4305; x_wconf 85' lang='lat' dir='ltr'>poll</span> <span class='ocrx_word' id='word_1_288' title='bbox 801 4224 1068 4311; x_wconf 71' lang='lat' dir='ltr'>hymnoscapittlla</span> <span class='ocrx_word' id='word_1_289' title='bbox 1077 4224 1113 4285; x_wconf 88' lang='lat' dir='ltr'>de</span> <span class='ocrx_word' id='word_1_290' title='bbox 1120 4224 1190 4307; x_wconf 79' lang='lat' dir='ltr'>psal·</span> <span class='ocrx_word' id='word_1_291' title='bbox 1227 4225 1321 4309; x_wconf 82' lang='lat' dir='ltr'>giam</span> <span class='ocrx_word' id='word_1_292' title='bbox 1347 4227 1493 4308; x_wconf 83' lang='lat' dir='ltr'>leguntur,</span> <span class='ocrx_word' id='word_1_293' title='bbox 1524 4228 1575 4305; x_wconf 83' lang='lat' dir='ltr'>qui</span> <span class='ocrx_word' id='word_1_294' title='bbox 1607 4224 1674 4284; x_wconf 82' lang='lat' dir='ltr'>liare</span> <span class='ocrx_word' id='word_1_295' title='bbox 1703 4243 1762 4285; x_wconf 92' lang='lat' dir='ltr'>non</span> <span class='ocrx_word' id='word_1_296' title='bbox 1786 4226 1849 4304; x_wconf 78' lang='lat' dir='ltr'>pos-</span> 
     </span>
     <span class='ocr_line' id='line_1_38' title="bbox 574 4306 1850 4384; baseline -0.005 -7"><span class='ocrx_word' id='word_1_297' title='bbox 574 4317 699 4381; x_wconf 79' lang='lat' dir='ltr'>misdicl</span> <span class='ocrx_word' id='word_1_298' title='bbox 712 4310 766 4373; x_wconf 73' lang='lat' dir='ltr'>&amp;a</span> <span class='ocrx_word' id='word_1_299' title='bbox 1229 4312 1311 4384; x_wconf 84' lang='lat' dir='ltr'>sunt,</span> <span class='ocrx_word' id='word_1_300' title='bbox 1350 4310 1496 4374; x_wconf 82' lang='lat' dir='ltr'>humiliter</span> <span class='ocrx_word' id='word_1_301' title='bbox 1524 4310 1554 4370; x_wconf 73' lang='lat' dir='ltr'>ae</span> <span class='ocrx_word' id='word_1_302' title='bbox 1581 4329 1647 4372; x_wconf 87' lang='lat' dir='ltr'>cum</span> <span class='ocrx_word' id='word_1_303' title='bbox 1675 4306 1784 4370; x_wconf 79' lang='lat' dir='ltr'>silentio</span> <span class='ocrx_word' id='word_1_304' title='bbox 1810 4310 1850 4371; x_wconf 80' lang='lat' dir='ltr'>l&#39;e·</span> 
     </span>
    </p>

    <p class='ocr_par' dir='ltr' id='par_1_9' title="bbox 614 4393 1849 4484">
     <span class='ocr_line' id='line_1_39' title="bbox 614 4393 1849 4484; baseline -0.002 -23"><span class='ocrx_word' id='word_1_305' title='bbox 614 4402 646 4484; x_wconf 78' lang='lat' dir='ltr'>a)</span> <span class='ocrx_word' id='word_1_306' title='bbox 669 4409 741 4484; x_wconf 75' lang='lat' dir='ltr'>nug.</span> <span class='ocrx_word' id='word_1_307' title='bbox 761 4393 863 4458; x_wconf 77' lang='lat' dir='ltr'>homil.</span> <span class='ocrx_word' id='word_1_308' title='bbox 887 4396 990 4458; x_wconf 83' lang='lat' dir='ltr'>llllVl.</span> <span class='ocrx_word' id='word_1_309' title='bbox 1014 4414 1050 4456; x_wconf 83' lang='lat' dir='ltr'>ex</span> <span class='ocrx_word' id='word_1_310' title='bbox 1064 4396 1098 4459; x_wconf 88' lang='lat' dir='ltr'>L.</span> <span class='ocrx_word' id='word_1_311' title='bbox 1122 4414 1186 4480; x_wconf 73' lang='lat' dir='ltr'>que</span> <span class='ocrx_word' id='word_1_312' title='bbox 1229 4396 1459 4460; x_wconf 71' lang='lat' dir='ltr'>sentententia</span> <span class='ocrx_word' id='word_1_313' title='bbox 1483 4394 1598 4462; x_wconf 79' lang='lat' dir='ltr'>auribus</span> <span class='ocrx_word' id='word_1_314' title='bbox 1621 4396 1757 4471; x_wconf 72' lang='lat' dir='ltr'>audiant,</span> <span class='ocrx_word' id='word_1_315' title='bbox 1785 4414 1849 4480; x_wconf 83' lang='lat' dir='ltr'>qua:</span> 
     </span>
    </p>
   </div>
   <div class='ocr_carea' id='block_1_9' title="bbox 368 4474 1376 4590">
    <p class='ocr_par' dir='ltr' id='par_1_10' title="bbox 368 4474 1376 4590">
     <span class='ocr_line' id='line_1_40' title="bbox 368 4474 1376 4590; baseline 0 -42"><span class='ocrx_word' id='word_1_316' title='bbox 368 4477 374 4484; x_wconf 78' lang='grc'><strong>’</strong></span> <span class='ocrx_word' id='word_1_317' title='bbox 476 4562 478 4565; x_wconf 17' lang='lat'>¹</span> <span class='ocrx_word' id='word_1_318' title='bbox 573 4486 734 4590; x_wconf 76' lang='lat' dir='ltr'>ellbunll.</span> <span class='ocrx_word' id='word_1_319' title='bbox 759 4474 853 4548; x_wconf 74' lang='lat' dir='ltr'>CCC·</span> <span class='ocrx_word' id='word_1_320' title='bbox 882 4481 1193 4565; x_wconf 62' lang='lat' dir='ltr'>happenaloeedit·</span> <span class='ocrx_word' id='word_1_321' title='bbox 1233 4482 1376 4573; x_wconf 66' lang='lat' dir='ltr'>leguntur«</span> 
     </span>
    </p>
   </div>
   <div class='ocr_carea' id='block_1_10' title="bbox 1734 4563 1853 4650">
    <p class='ocr_par' dir='ltr' id='par_1_11' title="bbox 1734 4563 1853 4650">
     <span class='ocr_line' id='line_1_41' title="bbox 1734 4563 1853 4650; baseline 0 -6"><span class='ocrx_word' id='word_1_322' title='bbox 1734 4645 1737 4650; x_wconf 75' lang='grc'>,</span> <span class='ocrx_word' id='word_1_323' title='bbox 1809 4563 1853 4644; x_wconf 84' lang='lat' dir='ltr'>iat</span> 
     </span>
    </p>
   </div>
   <div class='ocr_carea' id='block_1_11' title="bbox 0 0 2395 5442">
    <p class='ocr_par' dir='ltr' id='par_1_12' title="bbox 0 0 2395 5442">
     <span class='ocr_line' id='line_1_42' title="bbox 0 0 2395 5442; baseline 0 0"><span class='ocrx_word' id='word_1_324' title='bbox 0 0 2395 5442; x_wconf 95' lang='lat' dir='ltr'> </span> 
     </span>
    </p>
   </div>
  </div>
 </body>
</html>
