4734 5442
699 571 741 621 or
778 572 928 624 tnrerrrs
954 571 1144 626 bertr-rom
1162 575 1367 630 sanmuro·
1401 579 1430 620 ·=
1622 579 1695 666 249

409 743 496 822 quae
526 723 841 802 consecracionem
878 729 1052 826 proxime
1082 726 1345 819 antecedebat,
1377 725 1695 832 quemadmodum

407 824 638 903 ostendimus
653 849 776 919 antea,
800 825 950 923 quando
976 826 1023 904 de
1045 826 1264 930 quotidiano
1282 827 1407 911 officio
1429 841 1610 922 matutino
1632 845 1693 924 ali·

400 922 441 1001 bi
453 925 492 1028 2)
513 925 675 1003 diximus
692 926 887 1027 copiosrus.
1259 943 1263 950 '
1548 1015 1555 1022 ,,

506 1026 799 1106 Pnuntuarvs
821 1026 906 1102 huic
932 1047 1145 1105 casstnut
1170 1027 1260 1107 loco
1286 1030 1602 1116 estiile'vrrurr
1628 1041 1689 1141 ι),

399 1124 466 1205 vbi
489 1127 647 1227 loquens
671 1126 718 1204 de
737 1132 853 1200 Ioanne
874 1129 1051 1228 episcopo
1068 1133 1289 1231 Neapolitano,
1315 1135 1377 1231 qui
1392 1136 1429 1210 in
1449 1133 1563 1214 diuini
1577 1138 1690 1220 officii

403 1229 652 1306 celebratione
675 1251 845 1304 mortuus
869 1237 966 1318 erar,
984 1231 1051 1303 ait:
1077 1234 1190 1332 Popaio
1207 1243 1382 1306 orationem
1404 1237 1514 1328 dedit,
1540 1236 1580 1318 εἰ
1594 1247 1687 1316 σοι.

401 1333 543 1406 LECTA
569 1326 961 1430 ORATIONEspr'rr’rnm
977 1330 1152 1404 exhalauit.
1200 1331 1326 1410 Patres
1345 1337 1493 1412 concilii
1507 1343 1687 1440 Agarhnpio

402 1431 440 1526 b)
453 1435 492 1508 in
512 1434 614 1505 Gallia
631 1432 724 1505 hanc
741 1455 822 1505 rem
836 1427 993 1505 eccieiiis
1018 1434 1187 1504 Gallicanis
1206 1455 1425 1532 perpetuam
1447 1440 1612 1537 reguiam
1634 1439 1686 1520 es·
1834 1493 1840 1506 .

401 1529 438 1608 se
452 1533 598 1622 volunt,
615 1532 780 1608 iubentes
792 1539 828 1602 in
842 1532 1025 1626 conciufione
1040 1540 1274 1628 marrainarnm
1289 1536 1342 1605 aei
1352 1532 1604 1638 vesperrr'narram
1611 1537 1689 1642 ratis
1763 1621 1768 1630 ,

396 1629 529 1733 firmam,
549 1635 610 1736 posi
626 1634 756 1730 hymnos
770 1630 960 1732 capitoliada
971 1627 1099 1729 psalmis
1111 1629 1200 1722 dici,
1225 1629 1264 1711 εἴ
1272 1633 1410 1729 plebani,
1430 1638 1552 1710 aniona
1571 1651 1688 1716 narro·
1767 1639 1775 1648 ’

400 1760 441 1807 ne
454 1737 498 1809 ad
513 1731 674 1837 uesperam
692 1733 730 1806 ab
746 1730 877 1833 epicopo
899 1757 970 1804 cnm
984 1729 1195 1808 benedidiorr'e
1209 1733 1350 1808 dimitri.
1401 1737 1511 1816 Vnde
1526 1736 1592 1816 hus
1607 1743 1683 1820 col·

401 1835 512 1913 iestis
527 1840 619 1912 inter
634 1830 764 1910 Lariano
782 1831 941 1908 eiusdem
956 1834 1103 1929 generis
1125 1856 1253 1933 preces
1269 1831 1372 1911 fuiffe
1391 1853 1561 1935 apparet,
1588 1861 1684 1938 quas

406 1944 512 2011 cnon·
525 1956 704 2013 vocarunt
728 1932 917 2018 ἐπικλήσεις
940 1932 978 2006 ἃ
997 1931 1225 2034 παραθέσεις,
1250 1932 1324 2010 hoc
1350 1932 1401 2011 est
1422 1941 1689 2022 inraocara'nras&

398 2036 703 2124 commendationes,
728 2033 861 2133 quibus
883 2032 1078 2131 epiicopus
1104 2055 1235 2131 preces
1260 2030 1406 2111 diaconi
1428 2036 1467 2114 dt
1489 2028 1685 2139 popuii-in

398 2139 562 2238 qualibet
587 2133 751 2211 distinsta
776 2129 892 2206 diuini
919 2127 1031 2206 officii
1053 2152 1159 2230 parte
1186 2131 1437 2232 concludebat.
1497 2133 1688 2252 Quemad-

398 2237 559 2314 modum
576 2237 612 2311 in
625 2233 748 2312 officio
766 2230 1114 2309 catechumenorum
1137 2253 1179 2305 ac
1192 2230 1450 2334 punitentium
1473 2233 1511 2310 dr
1536 2260 1575 2311 tn
1592 2260 1685 2342 quo·

400 2337 620 2416 tidianarunt
640 2336 898 2414 matutinarum
921 2353 963 2404 ac
979 2327 1450 2431 vespertinarumprecum
1471 2332 1619 2429 officiis,
1644 2339 1684 2422 ra

399 2440 474 2514 iam
504 2440 541 2512 in
567 2436 636 2513 hac
688 2456 766 2512 arte
799 2428 911 2506 officii
936 2430 1233 2527 communionis,
1259 2453 1343 2527 quae
1372 2431 1686 2518 consecrationem

397 2535 599 2623 anteceffit,
612 2461 781 2613 vidimus.
834 2531 918 2633 Qua
931 2529 978 2606 de
999 2553 1040 2606 re
1052 2554 1130 2605 non
1144 2528 1265 2607 habeo
1279 2529 1436 2630 addere,
1455 2532 1521 2610 nist
1531 2532 1686 2636 breuem

398 2641 523 2717 iocum
546 2639 587 2734 c)
614 2660 661 2736 etr
686 2654 978 2734 nvausrruo,
1003 2630 1127 2727 quiin
1152 2629 1248 2707 libro
1275 2629 1419 2706 dadano
1442 2639 1686 2737 parseracranra‘a

397 2737 590 2817 manifesto
603 2734 766 2813 indicare
787 2731 955 2825 videtur,
979 2725 1092 2807 fuiss'e*
1108 2731 1328 2830 petitionem
1349 2733 1547 2831 quamdam
1567 2741 1606 2815 in
1626 2739 1685 2822 bis

356 2873 361 2882 ·
397 2841 571 2940 precibus
585 2838 794 2915 communis
810 2831 891 2910 vius
906 2833 943 2907 in
965 2829 1121 2908 ecclesris
1136 2829 1322 2926 Africanis,
1344 2855 1417 2930 qua
1437 2831 1510 2910 Dei
1525 2843 1683 2919 oratiam

340 3023 347 3030 ,
399 2941 615 3043 implorauit
630 2935 821 3027 sacerdos,
845 2955 887 3014 vt
908 2930 1012 3009 daret
1036 2929 1210 3016 fidelibus.
1225 2932 1458 3031 perseuerare
1474 2901 1605 3016 in⁰fide
1625 2962 1686 3019 vg.

400 3066 475 3141 que
504 3042 550 3119 ad
568 3044 653 3118 vitae
679 3037 803 3117 finem.
864 3033 1034 3114 Scribens
1059 3033 1158 3110 enim
1182 3027 1231 3110 de
1256 3025 1461 3110 necessitate
1486 3038 1615 3136 gratiae
1637 3035 1685 3117 ad

397 3163 502 3221 turos
516 3139 743 3242 praestandos
757 3137 931 3230 homines
944 3155 1075 3212 eontra
1089 3156 1239 3212 errores
1251 3136 1505 3235 Pelagianarnm,
1522 3162 1688 3218 commu.

397 3266 467 3321 nes
491 3265 620 3342 preces
649 3237 808 3316 ecclesrae
832 3235 880 3314 sd
909 3233 1072 3320 sobnam
1099 3235 1170 3313 iilis
1194 3254 1368 3326 reuocat,
1400 3259 1489 3333 ques
1515 3237 1686 3318 sacerdos

396 3343 506 3420 faciat
518 3338 625 3439 super
638 3337 774 3418 fideles.
825 3343 878 3411 An
912 3345 975 3428 uis,
987 3335 1120 3431 inquit,
1123 3331 1325 3432 sacerdotem
1339 3329 1437 3434 stipor
1446 3334 1558 3426 fidoirr
1576 3343 1688 3410 Domi·

398 3472 477 3520 num
493 3361 1014 3539 inuocantem,fi'qnando]ixorit,
1024 3439 1075 3506 Da
1087 3436 1164 3523 iilis,
1182 3437 1330 3523 DomIne,
1342 3443 1379 3502 in
1387 3451 1419 3503 tr
1422 3431 1624 3534 perseuerare
1631 3465 1685 3514 vr.

308 3593 312 3600 -
400 3574 462 3648 que
479 3556 515 3617 in
521 3543 623 3638 staram
631 3568 647 3626 ,·
673 3566 734 3613 non
741 3535 845 3637 joham
860 3561 934 3609 uoce
946 3529 1040 3631 ausus
1052 3533 1112 3629 ast,
1122 3528 1305 3631 sedsaltam
1320 3541 1508 3630 cogitatione
1522 3542 1690 3710 mirabere·

398 3650 494 3736 dare,
512 3671 550 3718 ac
565 3670 627 3715 non
636 3648 746 3739 potirer
752 3635 852 3737 ftaper
865 3643 935 3709 ar'us
948 3636 1044 3706 talem
1053 3631 1302 3712 benedidionan
1315 3631 1355 3714 ὕ
1372 3633 1467 3709 corde
1480 3661 1534 3710 cre
1572 3659 1627 3714 nte
1645 3637 1686 3723 εἰ

398 3746 629 3840 oraconfiraora
643 3738 826 3917 rotssonda'r,
848 3731 1195 3852 Amani-'Obseruati
1210 3733 1294 3809 heic
1317 3753 1506 3844 metetur,
1532 3748 1563 3833 1)
1578 3739 1688 3820 Hanc

326 3867 330 3874 ·
401 3851 610 3932 orationem
626 3866 671 3920 eo
702 3863 761 3918 em
776 3837 936 3915 modos
966 3831 1114 3933 pellarr,
1137 3855 1217 3930 quo
1237 3832 1335 3933 apud
1354 3839 1529 3913 Graaorin
1544 3841 1691 3920 ecclesie

403 3945 605 4040 Orientali,
628 3950 861 4019 incensationem
876 3857 1008 4040 eprssopi
1016 3936 1084 4034 flua
1095 3931 1379 4039 fircardorirsnper
1390 3936 1514 4029 fideies.
1565 3939 1691 4024 Adeo-

401 4147 732 4182 nunu-‘'¹¹¹''

442 4241 480 4318 ι)
501 4227 748 4299 novitios.
770 4223 879 4288 nun.
895 4219 940 4287 .v.,
959 4229 1026 4299 pag,
1061 4251 1063 4256 -
1109 4208 1147 4287 u)
1167 4208 1281 4272 conara
1294 4203 1448 4288 narrant.
1465 4159 1490 4272 o.
1503 4213 1587 4278 xxrr
1658 4305 1666 4321 .

403 4325 775 4489 315d)sq‡tan.vit.l³culin.
1065 4289 1289 4462 “ffxd‘dlgluss-
1311 4292 1348 4360 de
1374 4295 1454 4360 dm
1479 4298 1692 4380 Μυσίῳ

455 4487 781 4618 unguvoivi'
835 4485 837 4492 ¹
1215 4481 1275 4564 li¹
1319 4507 1329 4514 ”
1365 4539 1369 4548 -
1615 4518 1688 4596 que
