4734 5442
544 603 588 662 nt
604 593 850 680 conmonuit,
862 612 906 662 tr
919 609 1058 665 trente
1072 611 1113 668 ro
1127 601 1385 680 nrcrturttr'a,
1398 613 1439 668 ιιι
1454 611 1582 671 meant
1592 613 1757 675 martit.
1772 619 1833 696 ¹³⁹

1553 717 1832 738 ...ιι-ιιι·-

901 711 1552 739 ·-···------··--ι--

545 757 734 840 mentatii.
766 755 804 830 in
829 753 929 832 hunc
951 756 1101 833 illumve
1123 749 1313 856 scripturae
1334 756 1470 834 librum
1493 756 1710 862 conscriptae
1732 764 1830 852 sunt,

545 851 685 933 duabus
710 875 853 933 tantum
882 858 1044 957 partibus
1070 853 1188 934 solent
1218 857 1427 934 consistere:
1457 861 1689 956 expositione
1714 866 1831 962 partis
1937 874 1943 918 ³

544 955 732 1034 cuiusdam
765 958 894 1056 capitis
916 958 955 1034 ἃ
977 955 1212 1035 conclusione
1237 959 1370 1034 morali
1391 959 1431 1034 in
1452 960 1542 1036 vtile
1562 962 1753 1059 quoddam
1774 987 1832 1038 ιιι.

548 1078 784 1160 gumentum,
798 1057 844 1132 de
859 1081 935 1154 quo
950 1055 1168 1136 edisserendi
1179 1058 1307 1135 vltima
1328 1057 1610 1157 explanatorum
1625 1062 1831 1139 verborum

546 1181 632 1260 pars
651 1154 885 1234 occafionem
903 1154 1064 1235 dederat.
1114 1158 1279 1255 Reliquis
1299 1181 1421 1234 autem
1441 1161 1519 1236 eius
1539 1159 1702 1238 homiliis
1725 1187 1831 1240 com·

545 1259 709 1335 munitet
723 1259 810 1334 vtile
824 1255 974 1355 aliquod
991 1258 1240 1356 praeloquium
1254 1259 1508 1357 praemittitur,
1525 1285 1605 1338 non
1624 1257 1831 1360 semperad

546 1377 830 1462 trgumentum,
853 1355 957 1454 quod
972 1355 1205 1457 sequebatur,
1226 1356 1481 1457 spemnnsed
1496 1359 1585 1453 tale,
1605 1362 1712 1461 quale
1730 1361 1830 1438 audi·

549 1461 638 1540 totii
652 1457 706 1535 sui
722 1456 908 1535 necellttas
927 1460 987 1536 vel
1009 1461 1048 1533 in
1070 1457 1179 1536 rebus
1203 1456 1501 1559 reprehenfionis
1524 1465 1585 1536 vel
1609 1459 1832 1540 laudationis

548 1561 741 1658 requirere
763 1558 964 1636 videbatur.
1017 1561 1059 1633 ln
1073 1580 1234 1658 vtroque
1257 1581 1379 1635 autem
1397 1558 1477 1638 hoc
1499 1577 1659 1661 genere,
1694 1560 1831 1664 potilli·

547 1681 652 1736 mum
668 1658 868 1737 excellebat
881 1661 919 1733 in
933 1659 1033 1750 hoc,
1050 1678 1092 1734 vt
1114 1657 1332 1758 scripturam
1354 1662 1514 1736 maxime
1535 1666 1697 1762 proprio
1715 1664 1752 1740 de
1766 1687 1831 1762 go·

549 1761 667 1838 nuino
684 1756 786 1836 sensu
802 1759 868 1835 suo
894 1760 1106 1857 explanaret
1129 1768 1222 1848 (non
1245 1757 1443 1862 indulgens
1462 1757 1629 1860 figuratis
1651 1767 1833 1865 interpre-

551 1857 771 1956 rationibus,
796 1862 851 1946 vti
872 1879 959 1935 tunc
981 1858 1184 1935 multorum
1211 1883 1295 1935 mos
1313 1867 1410 1952 etat)
1433 1862 1472 1938 dt
1499 1860 1709 1938 illiusmodi
1725 1864 1834 1944 utiles

550 1957 826 2038 obseruationes
848 1956 896 2036 de
917 1960 976 2033 illa
997 1958 1153 2057 faceret,
1188 1983 1271 2059 quae
1293 1959 1395 2037 statui
1416 1962 1706 2040 accommodato
1727 1984 1835 2044 erant

550 2059 588 2138 dt
603 2061 869 2138 conuenientes
891 2057 1127 2149 auditorum,
1153 2062 1287 2155 quibus
1308 2084 1368 2135 eas
1388 2060 1609 2138 validillimis
1629 2064 1835 2143 rationibus

552 2159 590 2238 dt
615 2157 757 2243 summa
789 2159 925 2235 diuinae
949 2159 1170 2256 eloquentiae
1197 2159 1254 2246 vi,
1287 2157 1516 2235 seueritatem
1541 2165 1836 2260 grauitatemque

524 2259 737 2360 ·eltristiani
755 2262 916 2337 oratoris
938 2257 1113 2348 decente,
1137 2257 1351 2357 applicabat.
1411 2258 1507 2333 Haec
1519 2283 1606 2335 veta
1625 2262 1737 2336 animi
1754 2265 1834 2340 eius

550 2359 684 2464 imago
700 2359 771 2455 est,
795 2383 910 2462 prout
927 2383 1009 2435 eam
1022 2361 1209 2436 recentior
1234 2356 1385 2456 quidam
1407 2357 1541 2436 dusius
1560 2362 1707 2438 criticus
1720 2362 1749 2456 ¹)
1770 2360 1835 2440 de·

549 2459 696 2549 scribit,
723 2459 893 2559 adeoque
912 2485 991 2537 non
1019 2456 1265 2536 inconsultum
1287 2457 1419 2551 fuerit,
1443 2460 1556 2536 verba
1578 2460 1674 2554 eius,
1700 2462 1835 2564 qulbus

548 2583 631 2642 um
646 2561 813 2639 nobisne
843 2559 1026 2656 raesentat,
1051 2557 1131 2635 heic
1146 2561 1405 2658 interponere,
1428 2580 1471 2636 vt
1490 2558 1653 2638 studiosae
1669 2562 1835 2641 iuuentu-

551 2663 596 2742 tis
618 2684 766 2741 mentes
787 2587 841 2739 ati
860 2660 1060 2762 legendum
1085 2660 1178 2736 illius
1199 2658 1330 2757 scripta
1356 2680 1459 2738 tanto
1481 2665 1600 2737 acrius
1625 2664 1835 2744 incitentur.

549 2761 635 2864 ,Est
649 2765 712 2841 hic
728 2787 852 2864 pater,
873 2764 1012 2858 inquit,
1036 2761 1133 2860 inter
1152 2758 1465 2860 eloquennllimos
1487 2783 1654 2838 oratores
1677 2761 1836 2842 christia.

550 2889 644 2964 ,nos
663 2869 790 2966 paucis
810 2862 997 2939 secundus.
1058 2861 1192 2957 quue
1213 2858 1322 2960 ipstua
1343 2862 1553 2958 eloquentia
1575 2863 1691 2960 pluris
1713 2861 1764 2939 est
1784 2861 1835 2942 fa·

551 2969 725 3068 fienda,
751 2963 855 3061 quod
879 2963 920 3041 stt
941 2962 1093 3038 liberior
1111 2982 1222 3057 atque
1235 2958 1457 3058 expeditior.
1505 2961 1627 3039 Tanta
1643 2962 1691 3038 ell
1710 2987 1837 3044 rerum

551 3089 614 3168 ,tc
629 3065 838 3144 verborum
860 3067 897 3139 in
913 3061 994 3165 ipso
1010 3063 1119 3161 copia
1138 3085 1180 3138 ac
1203 3060 1370 3150 vbertas,
1396 3081 1530 3159 quanta
1551 3061 1635 3139 alibi
1656 3061 1837 3160 nusquam

550 3161 793 3268 ,teperiatun
841 3166 959 3257 lllius,
974 3187 1218 3260 quamquam,
1232 3159 1549 3259 quemadmodum
1572 3187 1837 3242 naeoourvs

552 3289 904 3366 ¹,unztutuzanvs
929 3266 968 3342 dt
985 3287 1205 3358 aastttvs,
1232 3269 1376 3336 Atticam
1396 3265 1594 3358 puritatem
1617 3289 1695 3339 non
1719 3261 1836 3358 vsq'ue

553 3369 741 3466 ¹sedetur,
754 3366 905 3463 grandis
921 3367 958 3440 dt
974 3364 1133 3440 sublimis
1149 3363 1200 3441 est
1214 3361 1322 3438 llilus.
1374 3361 1494 3436 Multa
1516 3371 1553 3436 in
1577 3361 1687 3459 ipsius
1708 3359 1839 3437 didio·

554 3495 620 3568 ,ne
635 3470 781 3571 puritas
795 3491 835 3541 ac
850 3466 1000 3541 suauitas
1018 3462 1116 3539 inest
1165 3462 1282 3561 lplius
1304 3459 1424 3536 sermo
1438 3460 1555 3536 multo
1578 3461 1648 3538 sale
1667 3462 1840 3560 coolpet·

555 3569 651 3676 ,sus,
673 3569 839 3670 egregiis
856 3564 985 3665 liguris
1001 3583 1151 3640 ornatus
1175 3560 1232 3660 est.
1287 3558 1510 3636 Orationem
1536 3562 1739 3639 innumeris
1761 3560 1842 3644 fere
1973 3587 1976 3592 ·

513 3705 515 3714 ·
556 3667 705 3772 ,modis
721 3671 836 3744 variat
857 3689 965 3764 atque
978 3659 1187 3762 amplificat.
1240 3661 1360 3762 Sagax
1379 3661 1418 3734 in
1432 3663 1698 3740 conuenientiis
1714 3687 1842 3744 rerum

504 3831 513 3864 ·.
557 3767 862 3874 „inuestigandim
895 3765 1073 3867 exemplis
1100 3787 1143 3840 ac
1168 3759 1459 3840 similitudinibus
1484 3761 1651 3841 abundat.
1716 3765 1842 3863 Popu..
1920 3781 1923 3788 ·

504 3871 516 4022 ᾗ
557 3877 662 3974 ,paris
694 3872 783 4048 {qius
806 3868 1015 4041 ⁶¹⁰q¹1¹f¹¹f³²
1040 3862 1100 4038 551
1133 3861 1431 4040 wgdfllmndum
1467 3862 1845 4040 ismffimidmiiff·

510 4033 514 4042 .
969 3991 1005 4039 ιιι
1097 3988 1138 4039 us
1218 3987 1354 4041 cttsac
1404 3988 1507 4041 rau.
1602 3991 1622 4038 e
1665 3988 1750 4042 tuen

511 4059 519 4150 ἶ
558 3975 922 4176 ffadfetiiiibieba
946 3990 1098 4140 bittiiam
1122 4020 1204 4164 pbri
1227 4088 1314 4140 cura
1332 3985 1432 4140 vitgat.
1501 4068 1585 4138 Nec
1603 3987 1847 4148 itictiitiore'ii

503 4153 523 4224 3
565 4201 652 4278 ,nec
673 4173 854 4254 ornatior.
906 4167 991 4242 Sine
1006 4165 1161 4242 mollitie
1174 4162 1286 4240 tersus
1308 4162 1359 4240 est
1376 4188 1417 4239 ac
1434 4163 1578 4264 politus.
1629 4161 1785 4264 Figlinas
1804 4189 1847 4244 o·

524 4343 530 4360 .
567 4299 690 4380 ,mnes
705 4293 791 4374 apte
808 4294 849 4347 ac
868 4262 1136 4369 percommode
1151 4262 1319 4348 adhibet,
1344 4259 1477 4361 quibus
1499 4265 1552 4339 vti
1573 4260 1691 4343 lolent
1709 4265 1846 4367 optimi

525 4405 1851 4464 ΙΡ,Ι--ΙΙ-...ω-,Ι-,ω--,,,,..-..---ιι-ιι-ιι-ιυ-ηιιι-μηιιι-ι-σι-ι-ιιη---..,,“
1949 4405 1957 4412 ·

531 4463 542 4598 ’ξ
605 4501 634 4592 t)
657 4477 1185 4563 aaran.uuu0neuau.tu.nat.
1203 4469 1305 4650 (3⁶3
1321 4447 1708 4556 eauuauuncxcut.)
1764 4579 1848 4644 m

539 4625 544 4632 ·
789 4599 791 4604 ’
1222 4639 1229 4652 ·
1740 4607 1764 4656 0

548 4853 559 4956 ἰ

522 4955 709 5101 ι,
