4734 5442
717 603 938 655 ornaremus
963 604 1150 658 ottamout
1175 609 1374 669 aaaruttara.
1474 585 1477 590 ’
1622 613 1698 698 ²4³·

408 700 1689 746 mmm—...-

405 767 473 820 um
497 746 807 820 commemoratio
834 747 978 822 iterum·
992 744 1126 844 fiebat)
1146 752 1316 827 notitiam
1341 775 1467 830 earum
1484 779 1531 832 eo
1554 757 1691 840 refere·

381 866 492 942 2mus
500 901 512 938 ,
525 842 588 922 vbi
608 840 658 917 de
673 841 743 920 hac
756 849 927 924 oratione
941 844 1135 924 disserendi
1150 849 1255 928 loeus
1270 853 1340 929 erit
1354 856 1544 956 proprius.

380 951 385 962 '
510 946 840 1022 Vauvtartuan
861 969 938 1023 non
954 946 1121 1050 polium,
1147 953 1238 1050 quin
1254 954 1362 1030 vuius
1377 955 1498 1033 adhuc
1512 959 1568 1036 rei
1582 979 1689 1040 nuta·¹

307 1107 308 1112 ι
395 1067 443 1126 tu
459 1046 585 1149 dignae
600 1048 830 1124 mentionem
848 1047 975 1127 faciam
991 1072 1038 1127 ex
1053 1051 1415 1140 Cunusosroum
1433 1082 1517 1157 quae
1529 1057 1574 1135 ad
1591 1061 1687 1141 hane

402 1157 613 1228 orationem
628 1148 775 1242 attinet,
793 1148 898 1246 quod
917 1149 1089 1228 uidelicet
1108 1151 1189 1230 ltaec
1209 1158 1331 1229 oratio
1356 1155 1449 1235 adeo
1475 1164 1698 1246 communia.

403 1252 527 1328 oratio
547 1250 678 1350 populi
693 1249 831 1327 credita
846 1249 907 1344 fit,
930 1273 971 1330 vt
991 1249 1149 1331 infantes
1161 1253 1318 1332 ecclesiae
1332 1256 1371 1332 in
1392 1281 1598 1359 ea'partem
1622 1263 1686 1341 ha·

401 1354 493 1432 ber'e'
519 1349 597 1427 iuffi
620 1349 696 1427 sint.
773 1353 877 1428 Nam
898 1354 1116 1431 in-ltomilia
1139 1353 1360 1452 quadamin
1390 1364 1603 1459 Marthaeam,
1628 1364 1686 1444 lo·

401 1476 523 1556 quens
546 1455 709 1554 primum
727 1450 775 1533 de
786 1455 957 1535 oratione
971 1479 1043 1558 pro
1059 1453 1315 1554 daemoniacis,
1333 1456 1468 1539 deinde
1483 1460 1531 1538 de
1544 1465 1683 1546 oratiu-

402 1575 545 1732 ngtpro
568 1556 852 1655 poenitentibus,
880 1555 1029 1634 tandem
1050 1555 1098 1635 de
1127 1554 1197 1634 hac
1212 1560 1383 1638 oratione
1404 1585 1477 1661 pro
1498 1561 1681 1665 fidelibus,

403 1682 430 1734 o
473 1681 494 1734 e

496 1678 592 1753 ruat,
607 1654 712 1754 quod
730 1660 850 1756 prima
869 1656 907 1733 ἃ
921 1654 1072 1736 secunda
1085 1681 1106 1735 a
1119 1656 1201 1735 solo
1217 1661 1375 1759 populo,
1404 1682 1592 1761 tamquam
1614 1670 1683 1744 mi·
1782 1731 1804 1750 s

401 1757 640 1836 lericordiam
658 1758 735 1833 aliis
753 1780 949 1856 exorante,
973 1757 1170 1846 offeratur3
1207 1759 1288 1838 haec
1318 1783 1440 1838 autem
1464 1766 1592 1843 orario.
1606 1790 1682 1861 pto

400 1855 563 1959 ipfismet
592 1855 780 1949 fidelibus,
806 1858 851 1936 ab
874 1859 1131 1938 innocentibus
1156 1862 1289 1962 populi
1307 1859 1507 1943 infantibus
1529 1874 1583 1961 n),
1607 1866 1683 1948 De·

401 1983 466 2037 um
486 1958 532 2038 ad
547 1959 837 2038 misericordiam
851 1961 1009 2039 lacrimis
1033 1960 1317 2056 mfleuennbus,
1347 1987 1563 2067 peragatur.-
1595 1971 1683 2066 quia

398 2085 534 2142 eorum
562 2063 773 2139 innocentia
795 2061 833 2138 δι
854 2061 1057 2151 humilitas,
1078 2063 1181 2141 cuius
1202 2065 1405 2144 imitatores
1432 2089 1591 2168 regnum
1611 2087 1682 2148 cta·

397 2163 525 2243 lorum
547 2185 709 2259 maneat,
734 2186 864 2262 preces
885 2160 1048 2241 fidelium
1062 2162 1322 2259 commendet,
1345 2160 1374 2240 li
1392 2164 1606 2254 solemniter
1625 2167 1680 2246 di·

397 2265 526 2344 vinam
554 2261 843 2340 misericordiam
869 2265 1083 2365 implorent.
1155 2262 1275 2367 Quod
1294 2262 1486 2360 euidenter
1509 2264 1679 2368 ostendit,

333 2393 336 2400 ·
399 2361 505 2442 fiti'sse
519 2364 614 2440 hanc
628 2364 840 2465 generalem
863 2368 1033 2443 omnium
1056 2362 1231 2443 ordinum
1254 2365 1450 2443 hominum
1471 2367 1509 2443 in
1531 2369 1681 2450 ecclesia

395 2469 621 2546 orationem
673 2465 854 2546 Praeterea
876 2489 924 2544 ex
942 2484 1210 2545 avevartuo
1227 2469 1265 2566 ο)
1286 2469 1408 2544 notari
1423 2470 1574 2567 poterit,
1599 2474 1680 2549 vni·

396 2566 577 2646 venialem
592 2566 791 2661 eccleliam,
809 2568 870 2646 vel
891 2587 993 2648 certe
1010 2570 1215 2647 maximam
1235 2567 1328 2644 illios
1342 2587 1504 2668 partem,
1519 2569 1680 2654 habuillc

396 2665 602 2748 istiusmodi
630 2691 781 2766 preces,
812 2669 1129 2759 consecrationem
1149 2668 1380 2749 eucnnistiae
1405 2672 1679 2774 antecedentes,

396 2775 555 2872 proprie
576 2767 691 2848 didas
720 2772 952 2868 precationes
974 2773 1033 2849 vel
1060 2770 1358 2870 deprecationes,
1378 2770 1416 2850 dt
1436 2796 1678 2856 communem

324 2929 343 2958 ,·
390 2876 626 2964 orationem,
656 2890 791 2970 utpote
830 2873 1021 2949 communi
1053 2873 1200 2948 diaconi
1225 2870 1263 2947 dt
1280 2872 1426 2971 populi
1449 2897 1545 2952 voce
1573 2901 1678 2975 pera·

396 2971 526 3054 &am-
551 2973 595 3050 In
615 2969 766 3072 epistola
786 2971 947 3070 quadam
968 2970 1029 3047 sua
1054 2989 1174 3050 totum
1196 2969 1354 3048 ecclelioe
1376 2972 1617 3054 ministerium
1637 2980 1678 3058 in

393 3078 702 3252 mmquegartes
718 3070 894 3173 dispelcit,
909 3073 1085 3150 nimirum
1099 3073 1144 3171 t.)
1159 3073 1197 3148 in
1206 3069 1517 3174 psalmodiarum)
1525 3075 1679 3179 scriptu·

393 3201 523 3256 rarum
536 3181 569 3252 le
606 3178 746 3268 ionem,
759 3179 804 3270 a)
820 3172 999 3256 sermonis
1015 3175 1281 3269 recitationem,
1294 3177 1352 3275 4.)
1373 3174 1686 3276 deprecationem.

395 3276 616 3376 episcopi&
640 3276 960 3377 presbyterorum,
978 3282 1020 3372 5.)
1040 3300 1280 3355 communem
1307 3280 1529 3365 orationem,
1552 3277 1677 3358 diaco·

395 3381 438 3459 ni
454 3401 549 3454 voce
566 3375 758 3455 malinam:
782 3373 830 3452 de
844 3401 916 3475 qua
931 3376 1007 3550 ipsa
1026 3401 1124 3453 nunc
1145 3378 1344 3474 loquimur.
1418 3375 1526 3452 Vnde
1546 3378 1677 3456 intelli*

395 3481 534 3583 pimus,
549 3473 639 3576 quid
652 3474 717 3548 fibi
732 3475 841 3570 velit,
856 3501 934 3574 quo
975 3476 1152 3552 diaconus
1167 3474 1307 3551 dicatur
1319 3474 1466 3654 indiag'ffe
1480 3504 1677 3562 commum
1692 3553 1696 3566 ,

385 3591 587 3675 -oratr'oncm,
598 3574 703 3676 quod
717 3599 797 3655 non
812 3574 1024 3677 simpliciter
1036 3575 1224 3692 populum
1238 3595 1346 3652 orare
1361 3578 1397 3652 iu
1427 3579 1515 3676 etit,
1527 3577 1590 3658 sed
1598 3577 1685 3660 for·-

397 3679 534 3762 mulam
555 3677 763 3760 verborum
785 3676 854 3757 illis
873 3681 1083 3782 praeiuent,
1103 3678 1162 3756 oti
1182 3679 1396 3756 communia
1419 3676 1593 3781 responsa
1614 3680 1676 3766 sua

397 3781 591 3864 debuerint
613 3782 781 3882 iungere.
1366 3803 1369 3808 ·

444 4020 850 4103 n)Claysollhomi1.Lxxl.
863 4021 1017 4083 aluxxll.
1059 4040 1125 4100 pus,
1145 4020 1255 4102 (quum
1277 4025 1306 4082 in
1322 4017 1433 4082 ecclelia
1450 4018 1545 4081 iratres
1560 4039 1677 4105 congra-
1790 4041 1793 4046 ·

398 4111 431 4174 in
443 4105 548 4169 Man.
559 4128 587 4187 p.
600 4115 663 4187 ⁶24.
682 4110 801 4189 (p.768.
816 4099 921 4168 cedit.
931 4108 1016 4166 Fran·
1058 4109 1189 4185 gantur)
1213 4106 1306 4166 sanda
1330 4107 1480 4180 enatandi,
1507 4103 1561 4166 nist
1586 4127 1675 4187 quum

360 4250 363 4256 .
397 4192 478 4274 auf.)
531 4196 599 4256 Vid.
623 4194 675 4256 lib.
695 4198 773 4258 xnl.
791 4194 884 4257 evi.
903 4193 928 4273 §¹
946 4191 1014 4252 vll.
1058 4193 1174 4271 legitur,
1201 4203 1250 4250 aut
1274 4192 1444 4268 disputatur,
1474 4205 1523 4253 aut
1541 4194 1676 4260 antillirea

397 4283 456 4347 vol
471 4280 511 4350 V,
526 4301 553 4361 p.
567 4293 618 4353 τις,
1057 4277 1132 4334 clara
1146 4279 1214 4333 νόω
1232 4277 1431 4356 deprecantur,
1447 4292 1497 4338 aut
1513 4279 1676 4348 cummuulu

349 4409 353 4414 -
415 4367 474 4444 ὀ)
493 4374 573 4451 Aug.
594 4365 670 4444 eplll.
684 4367 782 4428 exul.
801 4365 839 4432 ad
857 4366 1014 4430 luuntur.
1057 4360 1151 4424 oratio
1168 4377 1238 4428 vuar
1253 4361 1369 4432 uarum
1386 4361 1543 4436 indiciam?

1020 4616 1171 4736 ffli-
1612 4563 1736 4708 lu*
