4734 5442
676 509 741 638 usd
929 552 1106 613 cararum
1130 506 1469 607 :ceraurirrcaavsr
1487 554 1551 608 arn
1561 531 1701 608 xviia.
1723 535 1765 607 ri]

675 629 1950 676 ........-.-------=-..--.-2....‚...

677 717 755 793 que
783 702 827 785 2.)
843 689 945 767 fuille
970 709 1113 787 partem
1137 683 1249 762 millae
1262 682 1425 763 fidelium
1439 685 1511 764 siue
1533 684 1645 764 officii
1667 685 1952 778 communionis,

682 791 854 869 vbi'tales
869 809 997 891 preces
1014 807 1153 863 tantum
1167 783 1314 862 fiebant.
1379 787 1429 882 3.)
1442 785 1539 865 Non
1559 785 1663 863 fuille
1684 788 1890 864 orationem
1915 781 1955 857 il·

682 891 757 966 lam
777 913 798 964 e
818 891 976 968 diacono
1000 883 1193 978 indidem,
1220 885 1259 960 in
1280 903 1352 981 qua
1379 886 1542 985 populus
1565 885 1612 962 ad
1627 884 1783 986 singulas
1810 882 1959 985 petitio·

682 1012 750 1067 nes
772 986 1038 1091 respondebam
1073 982 1135 1063 sed
1151 987 1377 1076 orationem,
1398 983 1567 1084 adquam
1581 988 1619 1061 in
1635 983 1787 1062 clausula
1802 1006 1959 1060 tantum·

684 1086 807 1168 modo
824 1086 1090 1188 respondebat,
1110 1093 1224 1160 Amen.
1276 1088 1330 1180 4.)
1353 1075 1471 1162 Fuille
1487 1084 1664 1164 clitellam
1686 1086 1962 1164 inuocationem

684 1187 778 1284 Dei,
805 1187 913 1266 irrstat
939 1184 1226 1277 benedictionis,
1251 1185 1363 1261 talem
1384 1185 1574 1279 videlicet,
1597 1189 1742 1284 qualem
1765 1183 1964 1285 episcopus

537 1307 541 1314 '
682 1288 808 1366 'facere
829 1287 986 1378 solebat,
1010 1310 1088 1362 non
1101 1307 1223 1362 autern
1239 1285 1537 1362 exhortationem
1560 1284 1607 1362 ad
1621 1285 1826 1376 orandum,
1850 1307 1964 1382 quam

686 1388 809 1464 facere
826 1386 972 1464 diaconi
985 1407 1061 1462 etot
1071 1382 1245 1460 officium.
1295 1386 1342 1482 5.)
1357 1385 1575 1461 Petition'em
1591 1409 1658 1483 per
1672 1380 1965 1463 seeamdemelle

688 1510 775 1564 cum
785 1488 963 1580 petitione
979 1486 1157 1560 orationis
1169 1481 1333 1584 episcopi
1347 1486 1383 1560 in
1398 1484 1807 1584 constitutionibus‚cuflodi
1822 1486 1890 1558 illos
1901 1492 1963 1557 im·

688 1583 868 1676 mutabiles,
881 1582 1126 1689 irreprehensos,
1138 1585 1328 1686 inculpatos:
1351 1606 1390 1657 ot
1396 1587 1460 1682 stnt
1470 1585 1577 1685 firnlli
1590 1609 1715 1689 corpore
1731 1606 1827 1685 atquc
1843 1594 1963 1680 anima,

688 1713 752 1768 non
764 1685 909 1760 habentes
923 1689 1078 1758 maculam
1092 1704 1149 1756 aro
1158 1711 1284 1785 rugum,
1304 1706 1362 1758 aut
1374 1687 1503 1784 aliquid
1513 1687 1697 1760 huimmodr'
1704 1714 1720 1772 ,·
1726 1684 1789 1786 scd
1801 1689 1904 1785 utfiut
1915 1695 1966 1782 r'rr·¹

689 1786 1365 1890 regri,nullruqutintcreosfitmutilusocl
1376 1788 1588 1888 imprrjedlus.
1629 1784 1967 1888 Qtaecitctimstan·

659 1897 754 1970 ,tire
788 1910 920 1964 omnes
952 1883 1156 1960 admodum
1188 1884 1379 1984 probabile
1411 1884 1590 1984 efficiunt,
1624 1885 1718 1962 hanc
1744 1889 1967 1978 orationem,
2053 1959 2061 1969 ,

693 2009 808 2084 quam
827 1986 973 2085 adlegat
998 1997 1309 2077 avovsrriuvs,
1335 2008 1415 2061 eam
1431 1987 1545 2086 ipsam
1565 1983 1667 2062 fuille
1682 1987 1902 2081 orationem,
1918 1985 1968 2062 de

574 2091 607 2152 ᾤ
692 2107 767 2183 qua
783 2086 992 2185 loquimur,
1015 2105 1203 2182 tamquam
1226 2081 1388 2161 usitatam
1404 2086 1442 2160 in
1460 2082 1607 2164 clausula
1623 2087 1755 2185 primae
1776 2087 1887 2187 partis
1912 2108 1969 2160 ce·

659 2219 663 2227 ·
690 2186 905 2288 lebrationis
921 2181 1142 2260 euchariffiae
1164 2185 1203 2259 in
1217 2183 1374 2263 eccleliis
1388 2183 1563 2282 Africanis.
1634 2186 1731 2264 Haec
1752 2183 1832 2265 sunt
1862 2183 1967 2274 vesti·

692 2289 777 2390 gia,
801 2283 934 2383 quibus
961 2281 1125 2360 insistere
1152 2282 1350 2378 debemus,
1378 2287 1629 2384 percontaturi
1653 2288 1788 2365 veteris
1808 2284 1967 2365 ecclefiae'

693 2386 827 2490 praxin
847 2385 886 2460 in
900 2381 970 2462 hac¹
982 2381 1118 2484 publici
1128 2383 1249 2459 cultus
1271 2401 1395 2481 parte,
1419 2409 1501 2483 quae
1516 2383 1601 2463 solis
1622 2383 1790 2466 fidelibus
1813 2383 1969 2487 propria

692 2506 791 2580 etat,
817 2481 877 2559 sub
898 2481 1152 2560 celebrationis
1174 2477 1397 2558 eucharistiae
1419 2479 1634 2578 exordium,
1659 2485 1698 2563 ἃ
1721 2509 1805 2586 quae
1829 2488 1969 2563 oratio·

681 2587 734 2674 ,ni
750 2608 822 2685 pro
843 2580 1016 2660 vniuerso
1031 2582 1217 2660 militantis
1233 2579 1391 2658 ecclefiae
1407 2589 1596 2660 CHRISTI
1612 2573 1703 2663 statii
1719 2587 1757 2662 in
1771 2585 1846 2661 hoc
1863 2609 1970 2678 triuu-¹

684 2683 769 2778 do,
791 2681 855 2769 lub
870 2683 1015 2759 initium
1030 2679 1138 2760 sacrae
1155 2682 1432 2765 communionis
1448 2686 1488 2762 in
1503 2683 1651 2767 ecclefie
1664 2683 1788 2780 nostra
1806 2681 1890 2768 fieri
1911 2683 1969 2768 su·

564 2884 566 2887 ⁴
694 2781 790 2877 bre,
814 2779 1024 2886 respondet·
1882 2807 1885 2812 ·

860 2911 1809 3131 arnnrobrrrtromnrr
1943 3061 1949 3074 .

1027 3145 1234 3218 caeru
1277 3146 1626 3248 rrcrupvnr

637 3332 644 3348 .
695 3263 785 3356 DE
832 3255 1319 3364 OBLATONIBVS
1368 3267 1608 3360 POPVLI
1648 3268 1974 3386 ALllSQVE

745 3396 925 3496 aeuus,
950 3396 1021 3511 ao
1047 3396 1527 3476 cousrcnanouaat
1554 3387 1919 3482 uvctaiutsrue

1089 3512 1590 3594 mruoovcatartuvs.
1638 3591 1644 3600 .

703 3831 708 3839 .
875 3771 937 3850 De
951 3769 1141 3880 'confiteris
1166 3661 1413 3862 oblatiorllblr
1434 3785 1566 3890 populi
1586 3789 1642 3885 ad
1655 3729 1792 3896 ditare.

661 3995 668 4000 ,
698 3881 956 4081 Puorrua
980 3897 1087 3976 buliu
1111 3894 1225 3987 officii
1239 3921 1326 4000 pars
1352 3924 1430 3982 erat
1444 3930 1583 4011 magna
1601 3913 1803 4010 mederum
1818 3883 1975 4008 auio&

796 3998 1022 4081 consecratio
1047 3999 1316 4077 elementorum
1343 4009 1449 4105 panis
1481 4010 1520 4086 de
1544 4011 1621 4086 vini
1649 4033 1723 4110 pro
1752 4011 1974 4091 eucharistia.

703 4107 803 4207 Qae
830 4125 945 4203 quum
966 4100 1171 4202 generatim
1193 4124 1239 4175 ex
1258 4103 1517 4207 oblationibus,
1530 4131 1551 4184 a
1565 4112 1710 4207 populo
1725 4113 1771 4189 ad
1792 4112 1904 4192 altare
1924 4113 1974 4190 fa·

702 4204 790 4297 llis,
811 4202 1057 4291 lumerent'ut‚
1082 4197 1222 4280 necelle
1243 4205 1328 4288 erit,
1342 4205 1391 4284 de
1413 4207 1476 4286 hia
1485 4209 1734 4291 oblationibus
1757 4213 1880 4315 deque
1904 4216 1974 4293 ele·

678 4303 836 4382 =menria
856 4304 959 4400 panis
973 4325 1015 4376 ac
1035 4302 1130 4395 vini,
1155 4300 1287 4378 existis
1308 4303 1451 4400 sumtis,
1481 4308 1652 4387 nonnihil
1673 4312 1805 4393 dicere.
1864 4317 1976 4396 Vetu-

688 4402 754 4522 lla
780 4422 857 4485 erat
882 4399 1123 4498 consuetudo,
1149 4409 1329 4506 eupraxi
1352 4405 1555 4508 apostolice
1574 4409 1766 4518 deriutta,'·
1779 4435 1822 4499 vt
1841 4439 1975 4496 omnes

1775 4539 1973 4600 ·.com·
