4734 5442
496 577 895 664 ne'cottutuutcturnvt,
907 598 950 644 er
961 597 1002 643 oe
1015 595 1170 644 nortona
1184 594 1442 647 tocutueututa
1451 601 1653 664 uoetrteuet.
1676 601 1761 677 419,

468 695 1739 730 mmm

1037 743 1070 844 t.
1102 743 1183 817 xv,

466 854 574 947 Nom
606 847 823 951 consuetudo
852 845 1064 948 restruendi
1087 844 1346 948 eucharestiam
1361 848 1416 924 nd
1434 850 1513 930 dies
1528 851 1638 966 osque
1654 867 1740 966 quei·

671 963 872 1066 draginta,
894 960 939 1036 Εἴ
962 959 1187 1036 incommodo
1202 985 1281 1032 eom
1297 965 1533 1044 comitantia.

458 1067 461 1072 ’
578 1069 684 1143 Dvu
714 1067 760 1144 de
781 1093 889 1145 more
911 1064 1116 1144 reseruandl
1144 1065 1219 1139 ltoc
1246 1061 1508 1145 sacramentum
1536 1071 1737 1172 loquimur,

463 1196 543 1250 non
576 1168 820 1246 inconsultum
842 1167 971 1262 fuerit,
997 1168 1119 1243 obiter
1141 1165 1260 1240 facere
1290 1165 1581 1248 obseruationem
1603 1171 1650 1251 de
1669 1196 1737 1254 n'o·

462 1296 509 1350 va
524 1271 682 1370 quadam
699 1268 978 1362 consuetudine,
1003 1269 1105 1342 cuius
1128 1290 1149 1341 a
1172 1265 1386 1363 quibusdam
1414 1275 1630 1348 Romanorum
1650 1281 1737 1356 ritu·

462 1397 526 1449 um
548 1369 838 1472 expositoribus,
857 1373 951 1444 eirca
970 1370 1075 1442 Caroli
1087 1374 1204 1466 Magni
1217 1370 1452 1463 imperatoris
1464 1395 1620 1466 aetatem,
1637 1403 1736 1458 ment

462 1476 516 1550 tio
533 1471 585 1554 fit.
636 1471 798 1546 Narrant
815 1471 886 1562 illi,
908 1473 1023 1545 moris
1037 1465 1217 1564 foilleillo
1234 1491 1316 1562 aeuo
1330 1470 1368 1542 in
1382 1471 1546 1575 episcopi
1561 1478 1620 1552 vel
1663 1503 1735 1560 ret·

460 1572 584 1674 byteri
606 1571 857 1664 ordinatione,
882 1591 924 1645 vt
945 1571 1017 1644 iam
1040 1565 1213 1645 ordinato
1233 1591 1310 1642 non
1339 1569 1456 1646 modo
1485 1503 1733 1660 encheridiam
1766 1605 1769 1612 ·

461 1697 508 1752 eo
524 1695 697 1771 tempore
712 1671 964 1771 impertirent,
990 1667 1049 1745 sed
1068 1689 1125 1745 tot
1140 1691 1291 1766 quoque
1308 1667 1470 1747 eiusdem
1489 1677 1592 1772 panis
1612 1681 1735 1760 conse·

460 1777 548 1851 crati
568 1774 759 1874 particulas
773 1771 926 1874 darent,
951 1791 993 1845 vt
1011 1792 1079 1864 pet
1095 1767 1334 1868 quadraginta
1350 1767 1427 1848 dies
1443 1775 1608 1872 quotidie
1622 1803 1733 1874 unam

460 1873 580 1976 pollet
601 1871 808 1950 comedere.
884 1869 1110 1947 Describitur
1127 1869 1207 1944 haec
1227 1869 1451 1949 consuetudo
1471 1877 1515 1951 ab
1534 1901 1733 1966 aucvtuo
1773 1921 1776 1926 ·

457 1983 494 2070 u)
515 1978 553 2054 dt
576 1973 687 2047 ordine
714 1982 908 2048 Romanoac
930 1993 1161 2046 aureonno
1193 1993 1645 2078 ornamentumque
1673 2007 1732 2062 to.

459 2103 512 2153 oo
524 2103 578 2152 ua
593 2077 631 2172 a)
650 2072 845 2150 adfirmare
859 2070 983 2156 audet,
1005 2074 1043 2146 in
1063 2070 1230 2168 pluribus
1246 2069 1455 2150 audioribuo
1475 2080 1632 2178 antiquis
1647 2107 1730 2162 eom

458 2178 668 2254 memorari.
737 2172 894 2250 Difficile
917 2169 968 2246 est
994 2171 1100 2245 huius
1120 2169 1391 2248 consuetudinis
1411 2173 1601 2254 resciscere
1621 2185 1732 2262 ratio’·

458 2303 544 2373 nes,
559 2275 729 2374 adeoque
743 2271 822 2352 satis
836 2271 1009 2349 habemus
1030 2272 1105 2347 eius
1120 2267 1342 2365 meminille,
1366 2269 1442 2350 fine
1455 2277 1525 2354 vlla
1546 2281 1732 2380 ampliore

458 2382 495 2456 in
515 2376 728 2477 mysterium
743 2377 819 2452 eius
834 2371 1077 2471 inquistti'one.
1129 2370 1216 2448 Hoc
1229 2391 1369 2452 motum
1384 2374 1638 2472 obstruimus,
1656 2407 1730 2466 ma·

459 2506 532 2582 gna
544 2483 637 2575 saepe
652 2474 890 2552 incommoda
904 2474 998 2550 hanc
1012 2472 1224 2549 diuturnam
1242 2475 1502 2572 particularum
1518 2476 1729 2566 sacramenti

450 2579 742 2659 resurretionem
759 2573 829 2652 ell'e
846 2575 1042 2674 insequuta.
1118 2572 1291 2652 solebant
1312 2577 1410 2652 enim
1433 2603 1625 2662 mucorem
1641 2611 1730 2664 con·

460 2683 627 2766 trahere,
650 2678 840 2851 corrumgi
862 2700 904 2753 ac
924 2672 1150 2778 putrescere,
1182 2695 1293 2773 atque
1314 2697 1392 2753 tum
1414 2677 1600 2760 herebant
1615 2684 1729 2782 dubii,

457 2782 548 2884 quid
570 2779 656 2856 ell'et
672 2778 718 2854 de
735 2780 785 2854 eis
834 2774 1042 2852 amendam.
1094 2773 1283 2850 interdum
1300 2777 1591 2858 exsacerdomm
1613 2789 1728 2888 negli-

457 2887 581 2984 gentia
605 2907 626 2958 a
649 2879 812 2955 muribus
834 2877 893 2953 vel
914 2875 991 2952 aliis
1019 2875 1231 2950 animalibus
1266 2875 1553 2973 denotabantur,
1587 2885 1625 2960 &
1648 2908 1727 2966 tum

455 2985 680 3064 sacerdotem
703 2978 945 3080 quadraginta
969 2973 1096 3052 diebus
1117 2977 1295 3075 poenitere
1315 2981 1532 3076 oportebat„
1555 2981 1729 3081 quemad·

458 3087 613 3164 modum
637 3107 816 3158 canonem
838 3077 1036 3177 quemdam
1057 3099 1103 3151 ex
1119 3078 1277 3153 concilio
1293 3079 1457 3177 quodam
1478 3089 1651 3185 Arelateuss
1668 3081 1728 3170 v'el

455 3187 671 3279 Aureliamuss
690 3185 784 3259 hanc
799 3187 835 3257 in
852 3204 932 3255 rem
948 3181 1032 3256 citat
1053 3201 1312 3256 onartauvs
1333 3181 1387 3278 t).
1459 3185 1579 3286 Quod
1602 3187 1727 3268 socon·

1292 3339 1727 3364 *η’-...ιη

501 3412 1071 3501 n)Alcuin,dediuinisoffic‚c.XXXlV1.
1115 3415 1172 3474 diet
1200 3409 1364 3496 struendam
1390 3417 1545 3494 dillr'tbuit,
1589 3423 1726 3502 διᾶραι,

456 3529 541 3594 agtus
561 3510 597 3565 de
608 3502 787 3564 ordinatione
799 3499 923 3576 episcopi
938 3499 967 3556 lu
984 3499 1070 3556 ercle·
1115 3496 1190 3556 uerbi
1217 3500 1323 3575 grati,
1354 3503 1481 3588 quotidie
1506 3511 1616 3574 cultilis
1646 3519 1726 3590 pani,

458 3596 494 3656 sta
513 3597 647 3655 Romam.
711 3583 840 3660 Pontifex
858 3585 893 3641 ad
913 3583 1071 3644 communi·
1113 3583 1247 3642 alimonio
1267 3583 1444 3660 nuscuntur,
1467 3603 1578 3670 tempor
1601 3581 1724 3666 illud'in

456 3682 579 3742 candum
592 3673 710 3756 portigit
725 3675 750 3730 ei
762 3667 1070 3750 formatum,atqt1esa·
1112 3683 1209 3728 mente
1232 3667 1367 3744 ltabrant,
1396 3691 1453 3752 quo
1472 3693 1520 3752 pet
1538 3684 1725 3768 quadraginta

453 3765 731 3829 aemulalationem,
746 3755 1069 3834 quamacciptenecom-
1111 3755 1171 3812 dies
1192 3755 1336 3815 Dominus
1357 3761 1498 3835 discipulis
1525 3784 1675 3844 apparea„
1695 3771 1726 3834 dt
1804 3795 1812 3806 .

456 3855 581 3914 munitat
598 3849 677 3927 supet
699 3846 797 3914 altare,
820 3856 908 3904 cereta
930 3859 997 3900 ueto
1023 3858 1068 3898 te-
1112 3839 1279 3906 conuescens
1301 3841 1459 3906 desiderata
1479 3847 1594 3914 vistonit
1616 3853 1725 3920 satieta-

454 3938 544 4000 seruat
566 3934 613 3994 subl
641 3932 677 3992 ad
695 3927 963 3991 communicandum
986 3923 1068 4006 νῆασ
1110 3940 1139 3983 te
1161 3921 1265 3991 refecit.
1673 3971 1676 3976 .

455 4027 493 4085 id
510 4018 776 4098 d50⁵q¹1³df³gl¹¹¹³·
835 4065 841 4078 ·
1144 4011 1190 4090 x)
1212 4014 1291 4078 Bono
1305 4030 1359 4086 tet,
1367 4017 1489 4102 liturgic.
1499 4016 1613 4090 lib‚1.c.
1622 4021 1724 4098 illitu.

499 4094 1068 4174 Fulltetteo,adFinardum.(bibliothec.
1109 4098 1134 4178 5
1154 4099 1203 4165 tx,
1644 4113 1649 4126 ι
1719 4131 1723 4138 ,

457 4210 527 4276 patr.
541 4212 615 4253 max.
628 4187 810 4246 mmllVlll.
820 4189 873 4260 ρ.6
890 4183 979 4244 ledit.
989 4187 1068 4262 Lug·
1149 4179 1182 4260 γ)
1205 4183 1329 4242 Gratian.
1347 4184 1380 4244 de
1394 4185 1544 4248 consecrat.
1558 4189 1724 4262 diuinum.

456 4272 775 4346 dumMDCLXXth.)
796 4270 958 4347 Episcopus,
971 4271 1018 4349 qul
1031 4269 1075 4328 ai„
1112 4283 1139 4326 c.
1152 4265 1258 4335 XCW,
1286 4272 1343 4342 Qui
1358 4268 1428 4330 bene
1446 4291 1503 4332 noo
1517 4277 1725 4346 cttllodletitsu·

412 4391 414 4401 ·
457 4386 503 4429 ces
517 4363 614 4422 cunali
637 4355 930 4426 tenen-sacerdotem
948 4357 1022 4416 uitot
1039 4355 1070 4412 ln
1113 4350 1726 4440 orificium,&musvelatiqaorauunme

359 4435 363 4442 .
458 4448 568 4531 plebem
591 4441 738 4505 lttbicllam
765 4435 905 4514 missuum,
924 4440 992 4502 sacti
1010 4435 1069 4502 coe-
1113 4436 1173 4494 mal
1191 4437 1260 4498 illud
1285 4442 1652 4540 comedgfquuadmgjm
1670 4455 1726 4516 die,

457 4539 541 4623 poelt¹
570 4523 765 4597 eucharistiam
791 4543 842 4610 pet
877 4527 1072 4612 quadragenos
1116 4515 1169 4580 but
1191 4524 1334 4618 reniteat.

1009 4591 1292 4714 ..Gaea
1658 4621 1761 4754 oa·⁴
