4734 5442
684 747 895 833 beatitatem
908 744 945 820 dr
960 742 1227 843 sempiternum
1242 742 1432 828 interitum
1445 740 1622 842 spectent.
1673 746 1772 820 Nam
1791 743 1816 818 li
1835 763 1979 832 orator,

518 905 522 919 „
686 843 901 924 christianus
916 844 964 924 de
981 845 1090 924 rebus
1103 841 1542 942 saecularibusloquatur,
1563 843 1700 921 etiamst
1723 850 1761 921 in
1783 843 1818 919 se
1842 863 1967 941 paruae

569 951 575 973 ¹
685 945 775 1042 sant,
799 970 951 1047 magnas
971 970 1093 1025 tamen
1115 944 1187 1025 elle
1211 945 1353 1022 ratione
1378 944 1503 1040 modi,
1529 970 1607 1044 quo
1628 969 1690 1025 eas
1704 944 1852 1029 tradem
1877 944 1965 1041 quia

670 1047 737 1138 ¹de
758 1047 828 1125 illis
843 1070 928 1149 agat
949 1047 1116 1147 respectu
1129 1046 1254 1122 habito
1270 1041 1317 1120 ad
1336 1042 1524 1136 iustitiam,
1546 1048 1731 1129 caritatem
1746 1047 1973 1147 &pietatem

687 1150 729 1225 in
752 1172 879 1226 earum
903 1147 987 1237 vsu,
1013 1172 1098 1245 quaa
1125 1148 1164 1222 in
1189 1144 1302 1239 rebus
1324 1144 1527 1243 quamlibet
1549 1149 1712 1246 paruulis
1731 1170 1877 1249 magnae
1892 1142 1975 1227 fint·

688 1248 863 1347 Exempli
877 1249 995 1348 gratia
1013 1250 1148 1323 Paulum
1165 1243 1393 1347 apostolum,
1416 1243 1462 1323 de
1477 1245 1592 1323 itione
1613 1249 1769 1325 aliorum
1793 1272 1876 1323 cum
1895 1246 1974 1322 aliis

610 1402 612 1406 ν
689 1351 729 1426 in
752 1352 808 1425 ius
821 1347 868 1425 de
885 1347 1008 1425 crullts
1026 1347 1255 1425 secularibus
1265 1346 1480 1445 loquentem
1497 1344 1611 1422 rCor.
1622 1348 1688 1440 Vl,
1699 1374 1722 1424 t.
1733 1351 1811 1446 sqq.
1821 1370 1988 1437 omnem

690 1446 867 1551 adhibere
882 1449 1272 1549 grandis-eloquentiae
1294 1450 1392 1542 vim,
1408 1446 1606 1621 ἰιιάἰξπιεί,
1620 1449 1826 1547 corripere,
1840 1473 1976 1550 expro-

691 1548 821 1641 brare,
840 1552 1051 1649 increpare,
1066 1552 1222 1638 minari,
1238 1548 1353 1626 animi
1364 1546 1415 1623 sui
1430 1544 1476 1623 ad
1493 1545 1616 1623 elium
1635 1548 1763 1626 crebra
1789 1549 1828 1626 dt
1847 1550 1975 1650 aspera

690 1650 799 1730 uocis
818 1652 1024 1730 mutatione
1053 1648 1193 1742 testari,
1219 1673 1298 1728 non
1324 1646 1438 1748 quod·
1452 1646 1633 1728 semlant
1647 1651 1807 1753 'negotia
1832 1673 1975 1740 merue-

694 1751 769 1831 rint
794 1748 1036 1836 haecomnia,
1063 1751 1125 1829 iad
1150 1769 1310 1853 propter
1335 1746 1524 1833 iustitiam,
1547 1751 1754 1843 caritatem,
1786 1751 1974 1851 pietatem,

695 1876 781 1952 quar
797 1854 953 1931 virtutes
966 1856 1005 1929 in
1019 1850 1091 1930 istis
1107 1854 1271 1954 negotiis
1284 1848 1379 1928 adeo
1398 1849 1702 1951 periclitarentur.
1780 1852 1833 1928 lta
1855 1851 1978 1927 rursus

595 2017 598 2025 .
696 1951 867 2032 obserant
888 1956 954 2049 γ),
981 1954 1132 2033 calicem
1156 1977 1261 2052 aquae
1286 1953 1332 2028 iri
1363 1950 1433 2027 idae
1458 1952 1496 2026 in
1519 1950 1555 2028 sa
1580 1975 1660 2029 rem
1687 1953 1876 2030 minimam
1905 1949 1976 2026 elle

698 2074 736 2139 at
764 2045 811 2131 ue
833 2051 1054 2142 viliffimam,
1077 2079 1157 2132 non
1175 2075 1297 2131 autem
1318 1975 1406 2130 ideo
1421 2051 1615 2129 minimum
1636 2053 1772 2171 aliquid
1793 2075 1829 2131 at
1857 2076 1902 2127 ue
1923 2052 1975 2125 vi·

711 2155 719 2170 '
748 2176 866 2258 rmum
889 2152 978 2251 esse,
1003 2154 1155 2253 quando
1167 2154 1359 2234 ‘Dominus
1371 2149 1487 2244 dicat,
1501 2150 1625 2255 quod,
1643 2178 1708 2255 qur
1728 2177 1815 2232 eum
1830 2079 1975 2231 dederit

693 2254 875 2353 discipulo
896 2257 992 2348 eius,
1006 2264 1085 2333 non
1102 2255 1145 2332 fit
1159 2254 1370 2357 perditurus
1384 2253 1595 2332 mercedem
1610 2254 1719 2332 suam.
1769 2252 1907 2347 Addit,
1920 2275 1975 2330 ac·

586 2395 589 2401 ·
695 2354 819 2431 cidiil’e
835 2355 1054 2453 aliquando,
1080 2376 1140 2447 vt,
1160 2379 1278 2454 quum
1300 2354 1370 2429 hac
1394 2352 1441 2430 de
1463 2377 1504 2431 re
1523 2353 1600 2454 ipse
1617 2354 1834 2456 loqueretur
1847 2354 1893 2432 ad
1909 2377 1976 2453 po·

693 2454 844 2555 pulum,
859 2454 896 2529 dr
917 2454 1019 2533 Deus
1038 2453 1189 2547 adelrat,
1214 2476 1255 2532 vt
1279 2478 1356 2531 non
1378 2454 1587 2554 incongrue
1604 2454 1762 2546 diceret,
1786 2478 1978 2551 tamquam

695 2552 744 2630 de
756 2554 812 2630 illa
827 2578 919 2651 aqua
935 2553 1070 2655 frigida
1084 2555 1255 2655 quaedam
1271 2554 1419 2633 flamma
1430 2551 1614 2656 surgeret,
1639 2582 1723 2655 quat
1742 2559 1853 2635 etiarn
1876 2554 1979 2657 frigi·

543 2728 560 2752 ,a
694 2652 743 2732 da
775 2653 971 2748 hominum
999 2654 1151 2755 pedore
1169 2657 1217 2733 ad
1237 2654 1498 2733 misericordiae
1511 2681 1627 2756 opera
1647 2655 1813 2736 facienda
1832 2658 1896 2759 spe
1910 2679 1978 2731 cae·

668 2820 673 2832 ,
695 2752 793 2840 lestis
815 2754 996 2841 mercedis
1009 2756 1236 2837 accenderet.
1309 2755 1383 2835 Sed
1406 2758 1505 2835 enim
1522 2780 1642 2858 porro
1660 2757 1846 2852 obstruat,
1872 2753 1977 2857 quod

697 2854 782 2935 licet
802 2856 839 2956 z)
864 2855 1001 2937 donor
1021 2858 1276 2939 ecclesiasticus
1289 2857 1418 2940 debeat
1438 2882 1567 2937 rerunt
1584 2857 1708 2940 dirior
1728 2858 1805 2937 'clla
1826 2880 1978 2960 magna·
2003 2880 2005 2883 ·

482 3049 485 3056 ¹
697 2981 804 3052 rum,
822 2980 1036 3038 nontamen
1054 2960 1128 3037 sem
1158 2983 1199 3041 et
1214 2982 1274 3041 eas
1290 2958 1420 3039 debeat
1445 2958 1636 3062 granditer
1654 2961 1798 3054 diceret
1827 2959 1886 3038 sed
1901 2960 1979 3037 sub·

478 3059 493 3124 '.·
639 3067 642 3071 ’
697 3056 1102 3158 mille,quumaliquid
1144 3083 1315 3149 oceatut;
1346 3082 1570 3161 temperate,
1592 3087 1708 3162 quum
1724 3062 1863 3162 aliquid
1887 3064 1979 3140 vltu-

486 3174 492 3195 ·
524 3169 526 3176 ’
558 3197 560 3203 ·
696 3179 850 3260 petetur
865 3160 923 3238 vel
938 3159 1115 3241 laudetur.
1167 3164 1300 3268 Quum
1314 3186 1408 3241 vero
1429 3160 1566 3263 aliquid
1581 3162 1767 3265 agendum
1787 3162 1850 3259 stt,
1879 3165 1918 3242 dt
1933 3162 1979 3240 ad

560 3280 577 3329 ·.
697 3260 980 3360 conloquatur,
1001 3264 1066 3364 qui
1082 3264 1158 3342 lroc
1172 3283 1286 3367 agere
1300 3262 1475 3350 debeant,
1495 3286 1567 3349 nec
1589 3286 1709 3344 tamen
1730 3269 1866 3359 velint,
1893 3285 1980 3343 tunc

696 3386 760 3462 ea,
774 3387 858 3465 quae
875 3387 1011 3465 magna
1027 3364 1112 3461 lint,
1137 3364 1294 3445 dicenda
1306 3363 1395 3458 elle,
1413 3365 1704 3542 ringranditet,
1719 3370 1757 3448 dt
1769 3369 1816 3449 ad
1832 3367 1982 3452 fleden-

696 3461 771 3541 dos
785 3465 930 3543 animos
945 3485 1207 3569 congruenter.
1275 3465 1324 3545 Et
1341 3465 1484 3567 aliquan
1511 3492 1538 3546 o
1561 3465 1611 3550 de
1628 3496 1703 3549 vna
1721 3472 1923 3568 eademque
1938 3486 1978 3541 te

699 3585 835 3660 magna
855 3565 895 3639 ἃ
913 3566 1080 3643 submisse
1109 3566 1330 3661 dicendum,
1353 3566 1382 3644 st
1406 3567 1623 3647 doceantra·
1648 3573 1687 3650 dc
1705 3587 1926 3670 temperate,
1952 3561 1980 3655 sr

696 3660 943 3761 praedicetur:
971 3665 1009 3740 dt
1023 3667 1235 3765 granditer,
1252 3670 1279 3744 st
1299 3668 1444 3749 auersus
1456 3668 1544 3747 inde
1565 3674 1708 3749 animur
1723 3693 1764 3747 vt
1786 3688 1977 3745 conuerta-

696 3783 776 3853 tur,
790 3760 1007 3877 impellatur.
1084 3766 1195 3860 lta,sr
1211 3771 1293 3867 quis
1309 3769 1356 3847 de
1375 3767 1461 3850 Deo
1480 3771 1673 3865 loquatur,
1687 3793 1729 3849 vt
1748 3768 1878 3846 doceat
1900 3770 1979 3845 vni·
2045 3816 2051 3823 -

698 3885 811 3943 tatem
831 3864 1022 3962 trinitatis,
1043 3889 1128 3944 eum
1149 3868 1285 3947 debere
1304 3872 1371 3951 nifi
1395 3868 1563 3949 submilla
1585 3871 1831 3975 disputatione
1853 3895 1979 3975 agere,
2033 3966 2035 3969 ¹

698 3987 740 4043 vt
759 3987 819 4045 res
839 3962 938 4042 addi
970 3964 1196 4057 noscendum
1214 3970 1386 4064 difficilis,
1403 3992 1580 4072 quantum
1595 3973 1724 4071 detur,
1747 3971 1858 4076 pollrt
1874 3977 1979 4051 intel·
2011 4017 2017 4024 -

698 4068 776 4168 ligi.
838 3990 1035 4149 Nondeic
1051 4095 1287 4169 ornamenta,
1309 4073 1370 4152 sed
1384 4071 1607 4158 documenta
1622 4077 1780 4176 requiri,
1797 4102 1873 4155 non
1895 4076 1977 4155 heic

696 4187 740 4293 ut
754 4169 891 4269 aliquid
904 4194 1006 4273 agat,
1020 4172 1245 4254 dedendum
1261 4173 1332 4255 else
1347 4173 1644 4264 auditoremsed
1659 4176 1782 4276 potius
1799 4199 1840 4255 vr
1856 4177 1978 4273 discat,

697 4304 1033 4329 -Ι--Ἰ-Ι--ι

742 4350 780 4446 γ’)
800 4363 1004 4445 Augustinde
1025 4368 1149 4438 dodlrh.
1170 4369 1313 4454 coriliano
1400 4368 1528 4453 2)lbld.'
1550 4378 1669 4443 anx.

514 4457 549 4557 μ’
700 4446 750 4517 lib.
766 4449 979 4518 lvaxvln.
1372 4514 1377 4526 .
