<?xml version="1.0" encoding="UTF-8"?>
<!DOCTYPE html PUBLIC "-//W3C//DTD XHTML 1.0 Transitional//EN"
    "http://www.w3.org/TR/xhtml1/DTD/xhtml1-transitional.dtd">
<html xmlns="http://www.w3.org/1999/xhtml" xml:lang="en" lang="en">
 <head>
  <title>
</title>
<meta http-equiv="Content-Type" content="text/html;charset=utf-8" />
  <meta name='ocr-system' content='tesseract 3.04.00' />
  <meta name='ocr-capabilities' content='ocr_page ocr_carea ocr_par ocr_line ocrx_word'/>
</head>
<body>
  <div class='ocr_page' id='page_1' title='image "./opervmquaeexsta01binggoog_0276.png"; bbox 0 0 4734 5442; ppageno 0'>
   <div class='ocr_carea' id='block_1_1' title="bbox 664 551 1947 644">
    <p class='ocr_par' dir='ltr' id='par_1_1' title="bbox 664 551 1947 644">
     <span class='ocr_line' id='line_1_1' title="bbox 664 551 1947 644; baseline -0.012 -26"><span class='ocrx_word' id='word_1_1' title='bbox 664 551 728 644; x_wconf 69' lang='lat'>256</span> <span class='ocrx_word' id='word_1_2' title='bbox 865 557 1058 614; x_wconf 73' lang='lat' dir='ltr'>&#39;atroam</span> <span class='ocrx_word' id='word_1_3' title='bbox 1076 555 1410 608; x_wconf 74' lang='lat' dir='ltr'>ucotrsrrsrtctrtvu</span> <span class='ocrx_word' id='word_1_4' title='bbox 1435 555 1499 606; x_wconf 83' lang='grc' dir='ltr'><strong>ιιι.</strong></span> <span class='ocrx_word' id='word_1_5' title='bbox 1520 555 1573 609; x_wconf 80' lang='lat' dir='ltr'>xv.</span> <span class='ocrx_word' id='word_1_6' title='bbox 1599 551 1678 607; x_wconf 61' lang='lat' dir='ltr'>eurr</span> <span class='ocrx_word' id='word_1_7' title='bbox 1691 557 1733 610; x_wconf 87' lang='lat' dir='ltr'>rr.</span> <span class='ocrx_word' id='word_1_8' title='bbox 1851 559 1856 565; x_wconf 94' lang='lat'>·</span> <span class='ocrx_word' id='word_1_9' title='bbox 1941 585 1947 602; x_wconf 84' lang='lat'><em>.</em></span> 
     </span>
    </p>
   </div>
   <div class='ocr_carea' id='block_1_2' title="bbox 555 656 2065 2209">
    <p class='ocr_par' dir='ltr' id='par_1_2' title="bbox 555 656 2065 2209">
     <span class='ocr_line' id='line_1_2' title="bbox 661 656 1945 694; baseline -0.008 0"><span class='ocrx_word' id='word_1_10' title='bbox 661 656 1945 694; x_wconf 47' lang='lat' dir='ltr'><em>W</em></span> 
     </span>
     <span class='ocr_line' id='line_1_3' title="bbox 588 696 1947 804; baseline -0.015 -9"><span class='ocrx_word' id='word_1_11' title='bbox 588 743 591 752; x_wconf 88' lang='lat'>·</span> <span class='ocrx_word' id='word_1_12' title='bbox 665 715 799 794; x_wconf 85' lang='lat' dir='ltr'>mortis</span> <span class='ocrx_word' id='word_1_13' title='bbox 820 705 1006 804; x_wconf 80' lang='lat' dir='ltr'>denegare</span> <span class='ocrx_word' id='word_1_14' title='bbox 1027 701 1231 778; x_wconf 84' lang='lat' dir='ltr'>conlbltum</span> <span class='ocrx_word' id='word_1_15' title='bbox 1253 697 1432 775; x_wconf 71' lang='lat' dir='ltr'>ducebam</span> <span class='ocrx_word' id='word_1_16' title='bbox 1464 696 1666 775; x_wconf 90' lang='lat' dir='ltr'>cuiusmodi</span> <span class='ocrx_word' id='word_1_17' title='bbox 1691 700 1804 778; x_wconf 84' lang='lat' dir='ltr'>multa</span> <span class='ocrx_word' id='word_1_18' title='bbox 1823 721 1947 778; x_wconf 85' lang='lat' dir='ltr'>exem·</span> 
     </span>
     <span class='ocr_line' id='line_1_4' title="bbox 594 779 2065 916; baseline -0.006 -27"><span class='ocrx_word' id='word_1_19' title='bbox 594 839 596 848; x_wconf 92' lang='lat'>·</span> <span class='ocrx_word' id='word_1_20' title='bbox 665 815 726 916; x_wconf 85' lang='lat' dir='ltr'>pla</span> <span class='ocrx_word' id='word_1_21' title='bbox 741 811 821 908; x_wconf 89' lang='lat' dir='ltr'>sunt</span> <span class='ocrx_word' id='word_1_22' title='bbox 836 808 875 881; x_wconf 91' lang='lat' dir='ltr'>in</span> <span class='ocrx_word' id='word_1_23' title='bbox 888 802 1053 881; x_wconf 85' lang='lat' dir='ltr'>conciliis</span> <span class='ocrx_word' id='word_1_24' title='bbox 1072 799 1263 898; x_wconf 73' lang='lat' dir='ltr'>Sardicmfi,</span> <span class='ocrx_word' id='word_1_25' title='bbox 1286 779 1523 889; x_wconf 58' lang='lat' dir='ltr'>iliberritano,</span> <span class='ocrx_word' id='word_1_26' title='bbox 1548 797 1587 875; x_wconf 83' lang='lat' dir='ltr'>dt</span> <span class='ocrx_word' id='word_1_27' title='bbox 1600 799 1700 876; x_wconf 83' lang='lat' dir='ltr'>aliis:</span> <span class='ocrx_word' id='word_1_28' title='bbox 1721 799 1823 876; x_wconf 90' lang='lat' dir='ltr'>Tum</span> <span class='ocrx_word' id='word_1_29' title='bbox 1844 800 1946 877; x_wconf 93' lang='lat' dir='ltr'>enim</span> <span class='ocrx_word' id='word_1_30' title='bbox 2057 827 2065 880; x_wconf 72' lang='lat' dir='ltr'>a</span> 
     </span>
     <span class='ocr_line' id='line_1_5' title="bbox 667 895 1958 999; baseline -0.01 -10"><span class='ocrx_word' id='word_1_31' title='bbox 667 913 874 990; x_wconf 84' lang='lat' dir='ltr'>oblationes</span> <span class='ocrx_word' id='word_1_32' title='bbox 896 925 1028 981; x_wconf 86' lang='lat' dir='ltr'>eorum</span> <span class='ocrx_word' id='word_1_33' title='bbox 1055 925 1133 978; x_wconf 91' lang='lat' dir='ltr'>non</span> <span class='ocrx_word' id='word_1_34' title='bbox 1163 900 1454 999; x_wconf 83' lang='lat' dir='ltr'>recipiebantur,</span> <span class='ocrx_word' id='word_1_35' title='bbox 1495 895 1569 975; x_wconf 89' lang='lat' dir='ltr'>srue</span> <span class='ocrx_word' id='word_1_36' title='bbox 1602 900 1678 975; x_wconf 88' lang='lat' dir='ltr'>viui</span> <span class='ocrx_word' id='word_1_37' title='bbox 1703 897 1835 995; x_wconf 77' lang='lat' dir='ltr'>client,</span> <span class='ocrx_word' id='word_1_38' title='bbox 1873 898 1958 976; x_wconf 81' lang='lat' dir='ltr'>saue·</span> 
     </span>
     <span class='ocr_line' id='line_1_6' title="bbox 664 997 1950 1092; baseline -0.01 -1"><span class='ocrx_word' id='word_1_39' title='bbox 664 1014 831 1092; x_wconf 90' lang='lat' dir='ltr'>mortui:</span> <span class='ocrx_word' id='word_1_40' title='bbox 861 1005 921 1082; x_wconf 87' lang='lat' dir='ltr'>vel</span> <span class='ocrx_word' id='word_1_41' title='bbox 948 1002 974 1080; x_wconf 88' lang='lat' dir='ltr'>st</span> <span class='ocrx_word' id='word_1_42' title='bbox 995 1006 1034 1077; x_wconf 92' lang='lat' dir='ltr'>in</span> <span class='ocrx_word' id='word_1_43' title='bbox 1055 1001 1150 1077; x_wconf 87' lang='lat' dir='ltr'>ltora</span> <span class='ocrx_word' id='word_1_44' title='bbox 1166 1001 1299 1076; x_wconf 87' lang='lat' dir='ltr'>mortis</span> <span class='ocrx_word' id='word_1_45' title='bbox 1321 998 1631 1077; x_wconf 77' lang='lat' dir='ltr'>reconciliationis</span> <span class='ocrx_word' id='word_1_46' title='bbox 1657 997 1877 1078; x_wconf 81' lang='lat' dir='ltr'>defiderium</span> <span class='ocrx_word' id='word_1_47' title='bbox 1897 1023 1950 1078; x_wconf 88' lang='lat' dir='ltr'>te·</span> 
     </span>
     <span class='ocr_line' id='line_1_7' title="bbox 664 1096 1948 1210; baseline -0.012 -20"><span class='ocrx_word' id='word_1_48' title='bbox 664 1113 745 1190; x_wconf 82' lang='lat' dir='ltr'>llari</span> <span class='ocrx_word' id='word_1_49' title='bbox 765 1109 998 1210; x_wconf 77' lang='lat' dir='ltr'>negligenter</span> <span class='ocrx_word' id='word_1_50' title='bbox 1021 1097 1337 1200; x_wconf 82' lang='lat' dir='ltr'>praetermisrllent.</span> <span class='ocrx_word' id='word_1_51' title='bbox 1388 1097 1539 1176; x_wconf 86' lang='lat' dir='ltr'>Horum</span> <span class='ocrx_word' id='word_1_52' title='bbox 1559 1096 1696 1194; x_wconf 78' lang='lat' dir='ltr'>cautla,</span> <span class='ocrx_word' id='word_1_53' title='bbox 1719 1124 1761 1180; x_wconf 90' lang='lat' dir='ltr'>vt</span> <span class='ocrx_word' id='word_1_54' title='bbox 1782 1124 1864 1179; x_wconf 83' lang='lat' dir='ltr'>tao</span> <span class='ocrx_word' id='word_1_55' title='bbox 1884 1125 1948 1204; x_wconf 91' lang='lat' dir='ltr'>pa·</span> 
     </span>
     <span class='ocr_line' id='line_1_8' title="bbox 566 1199 1949 1318; baseline -0.011 -25"><span class='ocrx_word' id='word_1_56' title='bbox 566 1203 574 1220; x_wconf 75' lang='grc'>’</span> <span class='ocrx_word' id='word_1_57' title='bbox 665 1235 714 1318; x_wconf 81' lang='lat' dir='ltr'>pt</span> <span class='ocrx_word' id='word_1_58' title='bbox 732 1209 821 1288; x_wconf 86' lang='lat' dir='ltr'>dicit</span> <span class='ocrx_word' id='word_1_59' title='bbox 844 1217 907 1300; x_wconf 80' lang='lat' dir='ltr'>s),</span> <span class='ocrx_word' id='word_1_60' title='bbox 934 1202 1004 1280; x_wconf 91' lang='lat' dir='ltr'>Dei</span> <span class='ocrx_word' id='word_1_61' title='bbox 1027 1201 1161 1278; x_wconf 92' lang='lat' dir='ltr'>iudicio</span> <span class='ocrx_word' id='word_1_62' title='bbox 1185 1199 1452 1282; x_wconf 85' lang='lat' dir='ltr'>reseruabatur,</span> <span class='ocrx_word' id='word_1_63' title='bbox 1475 1202 1577 1278; x_wconf 86' lang='lat' dir='ltr'>cuius</span> <span class='ocrx_word' id='word_1_64' title='bbox 1599 1201 1879 1298; x_wconf 73' lang='lat' dir='ltr'>intumuerat,</span> <span class='ocrx_word' id='word_1_65' title='bbox 1905 1221 1949 1278; x_wconf 89' lang='lat' dir='ltr'>vt</span> 
     </span>
     <span class='ocr_line' id='line_1_9' title="bbox 664 1300 1950 1401; baseline -0.012 -5"><span class='ocrx_word' id='word_1_66' title='bbox 664 1313 792 1396; x_wconf 79' lang='lat' dir='ltr'>talium</span> <span class='ocrx_word' id='word_1_67' title='bbox 813 1309 935 1383; x_wconf 90' lang='lat' dir='ltr'>obitus</span> <span class='ocrx_word' id='word_1_68' title='bbox 954 1326 1032 1380; x_wconf 87' lang='lat' dir='ltr'>nou</span> <span class='ocrx_word' id='word_1_69' title='bbox 1051 1301 1166 1401; x_wconf 86' lang='lat' dir='ltr'>vsque</span> <span class='ocrx_word' id='word_1_70' title='bbox 1189 1300 1234 1377; x_wconf 88' lang='lat' dir='ltr'>ad</span> <span class='ocrx_word' id='word_1_71' title='bbox 1256 1302 1530 1378; x_wconf 86' lang='lat' dir='ltr'>communionis</span> <span class='ocrx_word' id='word_1_72' title='bbox 1554 1301 1760 1379; x_wconf 86' lang='lat' dir='ltr'>remedium</span> <span class='ocrx_word' id='word_1_73' title='bbox 1782 1301 1950 1382; x_wconf 86' lang='lat' dir='ltr'>differre-</span> 
     </span>
     <span class='ocr_line' id='line_1_10' title="bbox 665 1399 1951 1508; baseline -0.009 -17"><span class='ocrx_word' id='word_1_74' title='bbox 665 1435 736 1496; x_wconf 89' lang='lat' dir='ltr'>tur.</span> <span class='ocrx_word' id='word_1_75' title='bbox 788 1409 937 1508; x_wconf 84' lang='lat' dir='ltr'>Qtibus</span> <span class='ocrx_word' id='word_1_76' title='bbox 958 1424 1079 1481; x_wconf 87' lang='lat' dir='ltr'>autem</span> <span class='ocrx_word' id='word_1_77' title='bbox 1099 1401 1305 1477; x_wconf 81' lang='lat' dir='ltr'>uiuentibus</span> <span class='ocrx_word' id='word_1_78' title='bbox 1326 1399 1473 1479; x_wconf 78' lang='lat' dir='ltr'>ecclesa</span> <span class='ocrx_word' id='word_1_79' title='bbox 1491 1425 1570 1478; x_wconf 90' lang='lat' dir='ltr'>non</span> <span class='ocrx_word' id='word_1_80' title='bbox 1593 1405 1951 1500; x_wconf 87' lang='lat' dir='ltr'>communicauerat,</span> 
     </span>
     <span class='ocr_line' id='line_1_11' title="bbox 665 1499 1950 1604; baseline -0.012 -8"><span class='ocrx_word' id='word_1_81' title='bbox 665 1515 736 1596; x_wconf 89' lang='lat' dir='ltr'>illis</span> <span class='ocrx_word' id='word_1_82' title='bbox 758 1537 827 1592; x_wconf 88' lang='lat' dir='ltr'>nec</span> <span class='ocrx_word' id='word_1_83' title='bbox 851 1505 1007 1585; x_wconf 86' lang='lat' dir='ltr'>mortuis</span> <span class='ocrx_word' id='word_1_84' title='bbox 1035 1499 1337 1580; x_wconf 79' lang='lat' dir='ltr'>communicabat.</span> <span class='ocrx_word' id='word_1_85' title='bbox 1402 1503 1525 1577; x_wconf 93' lang='lat' dir='ltr'>lmmo</span> <span class='ocrx_word' id='word_1_86' title='bbox 1545 1525 1643 1603; x_wconf 29' lang='lat' dir='ltr'>‘veto</span> <span class='ocrx_word' id='word_1_87' title='bbox 1666 1527 1950 1604; x_wconf 85' lang='lat' dir='ltr'>nonnumquam</span> 
     </span>
     <span class='ocr_line' id='line_1_12' title="bbox 555 1597 1951 1703; baseline -0.006 -11"><span class='ocrx_word' id='word_1_88' title='bbox 555 1683 558 1696; x_wconf 88' lang='lat'><em>.</em></span> <span class='ocrx_word' id='word_1_89' title='bbox 657 1637 797 1696; x_wconf 81' lang='lat' dir='ltr'>eorum</span> <span class='ocrx_word' id='word_1_90' title='bbox 823 1607 1026 1692; x_wconf 84' lang='lat' dir='ltr'>oblationes</span> <span class='ocrx_word' id='word_1_91' title='bbox 1046 1605 1215 1703; x_wconf 89' lang='lat' dir='ltr'>accipere</span> <span class='ocrx_word' id='word_1_92' title='bbox 1238 1597 1443 1698; x_wconf 86' lang='lat' dir='ltr'>recusabat,</span> <span class='ocrx_word' id='word_1_93' title='bbox 1472 1603 1537 1701; x_wconf 91' lang='lat' dir='ltr'>qui</span> <span class='ocrx_word' id='word_1_94' title='bbox 1560 1603 1599 1678; x_wconf 94' lang='lat' dir='ltr'>in</span> <span class='ocrx_word' id='word_1_95' title='bbox 1619 1606 1698 1682; x_wconf 83' lang='lat' dir='ltr'>eius</span> <span class='ocrx_word' id='word_1_96' title='bbox 1716 1607 1951 1684; x_wconf 91' lang='lat' dir='ltr'>communio·</span> 
     </span>
     <span class='ocr_line' id='line_1_13' title="bbox 664 1701 1951 1804; baseline -0.012 -6"><span class='ocrx_word' id='word_1_97' title='bbox 664 1739 715 1798; x_wconf 88' lang='lat' dir='ltr'>ne</span> <span class='ocrx_word' id='word_1_98' title='bbox 727 1713 826 1794; x_wconf 90' lang='lat' dir='ltr'>diem</span> <span class='ocrx_word' id='word_1_99' title='bbox 843 1705 944 1788; x_wconf 87' lang='lat' dir='ltr'>suum</span> <span class='ocrx_word' id='word_1_100' title='bbox 959 1705 1145 1800; x_wconf 88' lang='lat' dir='ltr'>obierant,</span> <span class='ocrx_word' id='word_1_101' title='bbox 1172 1701 1199 1778; x_wconf 84' lang='lat' dir='ltr'>ti</span> <span class='ocrx_word' id='word_1_102' title='bbox 1219 1703 1346 1780; x_wconf 83' lang='lat' dir='ltr'>ultima</span> <span class='ocrx_word' id='word_1_103' title='bbox 1367 1725 1500 1782; x_wconf 86' lang='lat' dir='ltr'>eorum</span> <span class='ocrx_word' id='word_1_104' title='bbox 1519 1704 1613 1781; x_wconf 68' lang='lat' dir='ltr'>allio</span> <span class='ocrx_word' id='word_1_105' title='bbox 1631 1703 1768 1804; x_wconf 82' lang='lat' dir='ltr'>aliquid</span> <span class='ocrx_word' id='word_1_106' title='bbox 1788 1708 1826 1782; x_wconf 90' lang='lat' dir='ltr'>in</span> <span class='ocrx_word' id='word_1_107' title='bbox 1841 1704 1951 1784; x_wconf 86' lang='lat' dir='ltr'>seha·</span> 
     </span>
     <span class='ocr_line' id='line_1_14' title="bbox 662 1802 1951 1907; baseline -0.012 -9"><span class='ocrx_word' id='word_1_108' title='bbox 662 1817 767 1898; x_wconf 87' lang='lat' dir='ltr'>beret</span> <span class='ocrx_word' id='word_1_109' title='bbox 780 1810 872 1891; x_wconf 90' lang='lat' dir='ltr'>vitii.</span> <span class='ocrx_word' id='word_1_110' title='bbox 922 1802 1137 1906; x_wconf 85' lang='lat' dir='ltr'>Quomodo</span> <span class='ocrx_word' id='word_1_111' title='bbox 1161 1825 1209 1880; x_wconf 87' lang='lat' dir='ltr'>ex</span> <span class='ocrx_word' id='word_1_112' title='bbox 1230 1823 1460 1882; x_wconf 78' lang='lat' dir='ltr'>ctrrttuo</span> <span class='ocrx_word' id='word_1_113' title='bbox 1479 1808 1514 1896; x_wconf 63' lang='grc' dir='ltr'>τ)</span> <span class='ocrx_word' id='word_1_114' title='bbox 1532 1827 1706 1906; x_wconf 84' lang='lat' dir='ltr'>apparet,</span> <span class='ocrx_word' id='word_1_115' title='bbox 1729 1809 1795 1902; x_wconf 90' lang='lat' dir='ltr'>qui</span> <span class='ocrx_word' id='word_1_116' title='bbox 1816 1811 1850 1882; x_wconf 90' lang='lat' dir='ltr'>ln</span> <span class='ocrx_word' id='word_1_117' title='bbox 1868 1806 1951 1907; x_wconf 80' lang='lat' dir='ltr'>syn·</span> 
     </span>
     <span class='ocr_line' id='line_1_15' title="bbox 665 1901 1953 2015; baseline -0.007 -22"><span class='ocrx_word' id='word_1_118' title='bbox 665 1913 745 1997; x_wconf 88' lang='lat' dir='ltr'>odo</span> <span class='ocrx_word' id='word_1_119' title='bbox 767 1909 926 2015; x_wconf 86' lang='lat' dir='ltr'>quadam</span> <span class='ocrx_word' id='word_1_120' title='bbox 953 1905 1106 2004; x_wconf 81' lang='lat' dir='ltr'>Africana</span> <span class='ocrx_word' id='word_1_121' title='bbox 1127 1902 1299 2008; x_wconf 86' lang='lat' dir='ltr'>statutum</span> <span class='ocrx_word' id='word_1_122' title='bbox 1325 1901 1427 1979; x_wconf 85' lang='lat' dir='ltr'>fuiise</span> <span class='ocrx_word' id='word_1_123' title='bbox 1449 1925 1590 1989; x_wconf 87' lang='lat' dir='ltr'>narrat,</span> <span class='ocrx_word' id='word_1_124' title='bbox 1615 1931 1663 1983; x_wconf 93' lang='lat' dir='ltr'>ne</span> <span class='ocrx_word' id='word_1_125' title='bbox 1681 1909 1764 2006; x_wconf 86' lang='lat' dir='ltr'>quis</span> <span class='ocrx_word' id='word_1_126' title='bbox 1786 1905 1833 1985; x_wconf 91' lang='lat' dir='ltr'>de</span> <span class='ocrx_word' id='word_1_127' title='bbox 1847 1906 1953 1985; x_wconf 90' lang='lat' dir='ltr'>cleri·</span> 
     </span>
     <span class='ocr_line' id='line_1_16' title="bbox 666 2003 1948 2096; baseline -0.01 0"><span class='ocrx_word' id='word_1_128' title='bbox 666 2011 720 2096; x_wconf 67' lang='grc' dir='ltr'>εἷς</span> <span class='ocrx_word' id='word_1_129' title='bbox 736 2014 858 2094; x_wconf 84' lang='lat' dir='ltr'>&amp;Dei</span> <span class='ocrx_word' id='word_1_130' title='bbox 873 2007 1044 2086; x_wconf 84' lang='lat' dir='ltr'>ministris</span> <span class='ocrx_word' id='word_1_131' title='bbox 1058 2025 1222 2081; x_wconf 90' lang='lat' dir='ltr'>tutorem</span> <span class='ocrx_word' id='word_1_132' title='bbox 1237 2003 1296 2078; x_wconf 89' lang='lat' dir='ltr'>vel</span> <span class='ocrx_word' id='word_1_133' title='bbox 1310 2023 1519 2081; x_wconf 88' lang='lat' dir='ltr'>curatorem</span> <span class='ocrx_word' id='word_1_134' title='bbox 1532 2003 1751 2084; x_wconf 88' lang='lat' dir='ltr'>testamento</span> <span class='ocrx_word' id='word_1_135' title='bbox 1773 2004 1838 2085; x_wconf 91' lang='lat' dir='ltr'>suo</span> <span class='ocrx_word' id='word_1_136' title='bbox 1858 2033 1948 2085; x_wconf 87' lang='lat' dir='ltr'>cort·</span> 
     </span>
     <span class='ocr_line' id='line_1_17' title="bbox 663 2102 1950 2209; baseline -0.009 -14"><span class='ocrx_word' id='word_1_137' title='bbox 663 2115 846 2204; x_wconf 80' lang='lat' dir='ltr'>stitueret,</span> <span class='ocrx_word' id='word_1_138' title='bbox 878 2111 964 2209; x_wconf 89' lang='lat' dir='ltr'>quia</span> <span class='ocrx_word' id='word_1_139' title='bbox 988 2105 1121 2206; x_wconf 77' lang='lat' dir='ltr'>singuli</span> <span class='ocrx_word' id='word_1_140' title='bbox 1142 2103 1272 2181; x_wconf 88' lang='lat' dir='ltr'>diuino</span> <span class='ocrx_word' id='word_1_141' title='bbox 1289 2102 1499 2181; x_wconf 74' lang='lat' dir='ltr'>‘sacerdotio</span> <span class='ocrx_word' id='word_1_142' title='bbox 1522 2105 1699 2183; x_wconf 88' lang='lat' dir='ltr'>honorati</span> <span class='ocrx_word' id='word_1_143' title='bbox 1720 2105 1761 2184; x_wconf 77' lang='lat' dir='ltr'>dr</span> <span class='ocrx_word' id='word_1_144' title='bbox 1787 2110 1825 2183; x_wconf 90' lang='lat' dir='ltr'>in</span> <span class='ocrx_word' id='word_1_145' title='bbox 1847 2107 1950 2185; x_wconf 87' lang='lat' dir='ltr'>cleri·</span> 
     </span>
    </p>
   </div>
   <div class='ocr_carea' id='block_1_3' title="bbox 524 2202 1952 2297">
    <p class='ocr_par' dir='ltr' id='par_1_3' title="bbox 524 2202 1952 2297">
     <span class='ocr_line' id='line_1_18' title="bbox 524 2202 1952 2297; baseline 0 -11"><span class='ocrx_word' id='word_1_146' title='bbox 524 2263 529 2286; x_wconf 90' lang='grc'><strong>.</strong></span> <span class='ocrx_word' id='word_1_147' title='bbox 580 2207 586 2214; x_wconf 77' lang='grc'><em>’</em></span> <span class='ocrx_word' id='word_1_148' title='bbox 664 2216 733 2296; x_wconf 77' lang='lat' dir='ltr'>cali</span> <span class='ocrx_word' id='word_1_149' title='bbox 752 2210 950 2291; x_wconf 88' lang='lat' dir='ltr'>ministerio</span> <span class='ocrx_word' id='word_1_150' title='bbox 968 2206 1169 2297; x_wconf 86' lang='lat' dir='ltr'>constituti,</span> <span class='ocrx_word' id='word_1_151' title='bbox 1192 2202 1357 2281; x_wconf 79' lang='lat' dir='ltr'>nonnisi</span> <span class='ocrx_word' id='word_1_152' title='bbox 1378 2205 1481 2281; x_wconf 84' lang='lat' dir='ltr'>altari</span> <span class='ocrx_word' id='word_1_153' title='bbox 1502 2203 1542 2280; x_wconf 75' lang='grc' dir='ltr'>ἃ</span> <span class='ocrx_word' id='word_1_154' title='bbox 1564 2203 1747 2284; x_wconf 85' lang='lat' dir='ltr'>sacrificiis</span> <span class='ocrx_word' id='word_1_155' title='bbox 1765 2205 1952 2286; x_wconf 87' lang='lat' dir='ltr'>deseruire</span> 
     </span>
    </p>
   </div>
   <div class='ocr_carea' id='block_1_4' title="bbox 663 2304 1955 3210">
    <p class='ocr_par' dir='ltr' id='par_1_4' title="bbox 663 2304 1955 3210">
     <span class='ocr_line' id='line_1_19' title="bbox 666 2304 1953 2420; baseline -0.013 -21"><span class='ocrx_word' id='word_1_156' title='bbox 666 2319 714 2398; x_wconf 71' lang='lat' dir='ltr'>u·</span> <span class='ocrx_word' id='word_1_157' title='bbox 728 2313 898 2420; x_wconf 86' lang='lat' dir='ltr'>precibus</span> <span class='ocrx_word' id='word_1_158' title='bbox 927 2330 1038 2403; x_wconf 87' lang='lat' dir='ltr'>atque</span> <span class='ocrx_word' id='word_1_159' title='bbox 1061 2305 1292 2383; x_wconf 88' lang='lat' dir='ltr'>orationibus</span> <span class='ocrx_word' id='word_1_160' title='bbox 1313 2328 1443 2379; x_wconf 86' lang='lat' dir='ltr'>vacare</span> <span class='ocrx_word' id='word_1_161' title='bbox 1465 2304 1653 2383; x_wconf 90' lang='lat' dir='ltr'>deberent.</span> <span class='ocrx_word' id='word_1_162' title='bbox 1713 2305 1815 2385; x_wconf 89' lang='lat' dir='ltr'>Hinc</span> <span class='ocrx_word' id='word_1_163' title='bbox 1836 2333 1953 2407; x_wconf 91' lang='lat' dir='ltr'>quum</span> 
     </span>
     <span class='ocr_line' id='line_1_20' title="bbox 670 2400 1953 2498; baseline -0.017 -3"><span class='ocrx_word' id='word_1_164' title='bbox 670 2415 840 2494; x_wconf 65' lang='lat' dir='ltr'>Geminius</span> <span class='ocrx_word' id='word_1_165' title='bbox 860 2412 967 2489; x_wconf 76' lang='lat' dir='ltr'>Vilior</span> <span class='ocrx_word' id='word_1_166' title='bbox 983 2409 1029 2481; x_wconf 92' lang='lat' dir='ltr'>de</span> <span class='ocrx_word' id='word_1_167' title='bbox 1044 2403 1174 2480; x_wconf 86' lang='lat' dir='ltr'>saeculo</span> <span class='ocrx_word' id='word_1_168' title='bbox 1191 2400 1373 2480; x_wconf 80' lang='lat' dir='ltr'>excedens</span> <span class='ocrx_word' id='word_1_169' title='bbox 1387 2411 1572 2478; x_wconf 80' lang='lat' dir='ltr'>Geminium</span> <span class='ocrx_word' id='word_1_170' title='bbox 1589 2406 1779 2498; x_wconf 66' lang='lat' dir='ltr'>faustinum,</span> <span class='ocrx_word' id='word_1_171' title='bbox 1791 2407 1953 2484; x_wconf 73' lang='lat' dir='ltr'>ecclefioe</span> 
     </span>
     <span class='ocr_line' id='line_1_21' title="bbox 666 2503 1953 2610; baseline -0.011 -13"><span class='ocrx_word' id='word_1_172' title='bbox 666 2522 849 2596; x_wconf 68' lang='lat' dir='ltr'>namnam</span> <span class='ocrx_word' id='word_1_173' title='bbox 871 2507 1151 2610; x_wconf 84' lang='lat' dir='ltr'>presbyterum,</span> <span class='ocrx_word' id='word_1_174' title='bbox 1188 2523 1351 2580; x_wconf 88' lang='lat' dir='ltr'>tutorem</span> <span class='ocrx_word' id='word_1_175' title='bbox 1382 2503 1598 2582; x_wconf 89' lang='lat' dir='ltr'>testamento</span> <span class='ocrx_word' id='word_1_176' title='bbox 1624 2506 1691 2583; x_wconf 84' lang='lat' dir='ltr'>suo</span> <span class='ocrx_word' id='word_1_177' title='bbox 1716 2505 1953 2594; x_wconf 74' lang='lat' dir='ltr'>nominallet3</span> 
     </span>
     <span class='ocr_line' id='line_1_22' title="bbox 665 2600 1953 2706; baseline -0.027 -11"><span class='ocrx_word' id='word_1_178' title='bbox 665 2615 796 2695; x_wconf 74' lang='lat' dir='ltr'>crant</span> <span class='ocrx_word' id='word_1_179' title='bbox 807 2632 923 2689; x_wconf 78' lang='lat' dir='ltr'>rnvs</span> <span class='ocrx_word' id='word_1_180' title='bbox 943 2603 1190 2706; x_wconf 88' lang='lat' dir='ltr'>presbyteris,</span> <span class='ocrx_word' id='word_1_181' title='bbox 1204 2600 1369 2681; x_wconf 86' lang='lat' dir='ltr'>diaconis</span> <span class='ocrx_word' id='word_1_182' title='bbox 1382 2603 1421 2682; x_wconf 80' lang='lat' dir='ltr'>dt</span> <span class='ocrx_word' id='word_1_183' title='bbox 1434 2604 1532 2703; x_wconf 86' lang='lat' dir='ltr'>plebi</span> <span class='ocrx_word' id='word_1_184' title='bbox 1546 2610 1662 2679; x_wconf 67' lang='lat' dir='ltr'>firmis</span> <span class='ocrx_word' id='word_1_185' title='bbox 1677 2606 1953 2687; x_wconf 63' lang='lat' dir='ltr'>confistffltqbu,</span> 
     </span>
     <span class='ocr_line' id='line_1_23' title="bbox 668 2701 1954 2808; baseline -0.01 -10"><span class='ocrx_word' id='word_1_186' title='bbox 668 2715 863 2798; x_wconf 75' lang='lat' dir='ltr'>scribebat.</span> <span class='ocrx_word' id='word_1_187' title='bbox 886 2731 964 2786; x_wconf 88' lang='lat' dir='ltr'>non</span> <span class='ocrx_word' id='word_1_188' title='bbox 985 2703 1075 2798; x_wconf 85' lang='lat' dir='ltr'>elie,</span> <span class='ocrx_word' id='word_1_189' title='bbox 1107 2701 1211 2800; x_wconf 89' lang='lat' dir='ltr'>quod</span> <span class='ocrx_word' id='word_1_190' title='bbox 1239 2726 1313 2802; x_wconf 91' lang='lat' dir='ltr'>pro</span> <span class='ocrx_word' id='word_1_191' title='bbox 1339 2701 1565 2788; x_wconf 88' lang='lat' dir='ltr'>dormitione</span> <span class='ocrx_word' id='word_1_192' title='bbox 1583 2715 1737 2804; x_wconf 62' lang='lat' dir='ltr'>flaminii</span> <span class='ocrx_word' id='word_1_193' title='bbox 1760 2708 1859 2808; x_wconf 87' lang='lat' dir='ltr'>apud</span> <span class='ocrx_word' id='word_1_194' title='bbox 1884 2729 1954 2788; x_wconf 86' lang='lat' dir='ltr'>eos</span> 
     </span>
     <span class='ocr_line' id='line_1_24' title="bbox 664 2803 1955 2903; baseline -0.012 -4"><span class='ocrx_word' id='word_1_195' title='bbox 664 2815 773 2898; x_wconf 85' lang='lat' dir='ltr'>fieret</span> <span class='ocrx_word' id='word_1_196' title='bbox 795 2811 961 2902; x_wconf 87' lang='lat' dir='ltr'>oblatio,</span> <span class='ocrx_word' id='word_1_197' title='bbox 990 2826 1052 2882; x_wconf 84' lang='lat' dir='ltr'>aut</span> <span class='ocrx_word' id='word_1_198' title='bbox 1077 2803 1293 2902; x_wconf 86' lang='lat' dir='ltr'>deprecatio</span> <span class='ocrx_word' id='word_1_199' title='bbox 1313 2806 1432 2903; x_wconf 89' lang='lat' dir='ltr'>aliqua</span> <span class='ocrx_word' id='word_1_200' title='bbox 1459 2807 1618 2884; x_wconf 86' lang='lat' dir='ltr'>nomine</span> <span class='ocrx_word' id='word_1_201' title='bbox 1637 2809 1716 2886; x_wconf 86' lang='lat' dir='ltr'>eius</span> <span class='ocrx_word' id='word_1_202' title='bbox 1736 2810 1775 2883; x_wconf 91' lang='lat' dir='ltr'>in</span> <span class='ocrx_word' id='word_1_203' title='bbox 1806 2809 1955 2888; x_wconf 81' lang='lat' dir='ltr'>ecclesia</span> 
     </span>
     <span class='ocr_line' id='line_1_25' title="bbox 664 2901 1952 3018; baseline -0.012 -18"><span class='ocrx_word' id='word_1_204' title='bbox 664 2915 971 3018; x_wconf 84' lang='lat' dir='ltr'>frequentaretur.</span> <span class='ocrx_word' id='word_1_205' title='bbox 1025 2903 1174 2981; x_wconf 88' lang='lat' dir='ltr'>Verum·</span> <span class='ocrx_word' id='word_1_206' title='bbox 1189 2906 1228 2979; x_wconf 93' lang='lat' dir='ltr'>in</span> <span class='ocrx_word' id='word_1_207' title='bbox 1302 2901 1513 2982; x_wconf 88' lang='lat' dir='ltr'>llerioribus</span> <span class='ocrx_word' id='word_1_208' title='bbox 1534 2905 1670 2998; x_wconf 62' lang='lat' dir='ltr'>seculis</span> <span class='ocrx_word' id='word_1_209' title='bbox 1691 2906 1775 2985; x_wconf 79' lang='lat' dir='ltr'>hoec</span> <span class='ocrx_word' id='word_1_210' title='bbox 1794 2907 1952 3011; x_wconf 81' lang='lat' dir='ltr'>discipli·</span> 
     </span>
     <span class='ocr_line' id='line_1_26' title="bbox 663 3005 1954 3116; baseline -0.013 -19"><span class='ocrx_word' id='word_1_211' title='bbox 663 3033 723 3100; x_wconf 84' lang='lat' dir='ltr'>n&#39;ae</span> <span class='ocrx_word' id='word_1_212' title='bbox 742 3035 828 3116; x_wconf 86' lang='lat' dir='ltr'>pars</span> <span class='ocrx_word' id='word_1_213' title='bbox 873 3008 1008 3086; x_wconf 92' lang='lat' dir='ltr'>aullum</span> <span class='ocrx_word' id='word_1_214' title='bbox 1031 3005 1196 3104; x_wconf 86' lang='lat' dir='ltr'>mitigata</span> <span class='ocrx_word' id='word_1_215' title='bbox 1281 3005 1317 3080; x_wconf 93' lang='lat' dir='ltr'>in</span> <span class='ocrx_word' id='word_1_216' title='bbox 1335 3005 1448 3081; x_wconf 74' lang='lat' dir='ltr'>salta.</span> <span class='ocrx_word' id='word_1_217' title='bbox 1499 3006 1604 3084; x_wconf 84' lang='lat' dir='ltr'>Nam</span> <span class='ocrx_word' id='word_1_218' title='bbox 1626 3029 1770 3087; x_wconf 78' lang='lat' dir='ltr'>canone</span> <span class='ocrx_word' id='word_1_219' title='bbox 1788 3010 1954 3110; x_wconf 88' lang='lat' dir='ltr'>quodam</span> 
     </span>
     <span class='ocr_line' id='line_1_27' title="bbox 664 3035 1954 3210; baseline -0.02 -13"><span class='ocrx_word' id='word_1_220' title='bbox 664 3115 815 3196; x_wconf 92' lang='lat' dir='ltr'>concilii</span> <span class='ocrx_word' id='word_1_221' title='bbox 838 3035 987 3187; x_wconf 48' lang='lat' dir='ltr'>tgcundi</span> <span class='ocrx_word' id='word_1_222' title='bbox 1009 3105 1240 3202; x_wconf 74' lang='lat' dir='ltr'>Aurellrmnfis</span> <span class='ocrx_word' id='word_1_223' title='bbox 1260 3105 1309 3180; x_wconf 86' lang='lat' dir='ltr'>itu</span> <span class='ocrx_word' id='word_1_224' title='bbox 1329 3105 1524 3183; x_wconf 88' lang='lat' dir='ltr'>decretum</span> <span class='ocrx_word' id='word_1_225' title='bbox 1545 3112 1576 3202; x_wconf 65' lang='grc' dir='ltr'>ε)</span> <span class='ocrx_word' id='word_1_226' title='bbox 1600 3109 1784 3210; x_wconf 73' lang='lat' dir='ltr'>legimus:</span> <span class='ocrx_word' id='word_1_227' title='bbox 1819 3109 1954 3186; x_wconf 64' lang='lat' dir='ltr'>olmro.</span> 
     </span>
    </p>
   </div>
   <div class='ocr_carea' id='block_1_5' title="bbox 661 3203 1954 3616">
    <p class='ocr_par' dir='ltr' id='par_1_5' title="bbox 661 3203 1954 3616">
     <span class='ocr_line' id='line_1_28' title="bbox 663 3203 1953 3316; baseline 0.004 -32"><span class='ocrx_word' id='word_1_228' title='bbox 663 3245 737 3296; x_wconf 73' lang='lat' dir='ltr'>mm</span> <span class='ocrx_word' id='word_1_229' title='bbox 751 3211 986 3313; x_wconf 65' lang='lat' dir='ltr'>desmllnum,</span> <span class='ocrx_word' id='word_1_230' title='bbox 996 3216 1055 3309; x_wconf 82' lang='lat' dir='ltr'>qui</span> <span class='ocrx_word' id='word_1_231' title='bbox 1067 3214 1103 3280; x_wconf 79' lang='lat' dir='ltr'>in</span> <span class='ocrx_word' id='word_1_232' title='bbox 1115 3208 1223 3303; x_wconf 79' lang='lat' dir='ltr'>aliquo</span> <span class='ocrx_word' id='word_1_233' title='bbox 1235 3213 1371 3278; x_wconf 78' lang='lat' dir='ltr'>crimine</span> <span class='ocrx_word' id='word_1_234' title='bbox 1376 3203 1509 3303; x_wconf 77' lang='lat' dir='ltr'>fuerim</span> <span class='ocrx_word' id='word_1_235' title='bbox 1522 3216 1691 3290; x_wconf 68' lang='lat' dir='ltr'>interemti</span> <span class='ocrx_word' id='word_1_236' title='bbox 1699 3267 1712 3302; x_wconf 82' lang='lat'><strong>,</strong></span> <span class='ocrx_word' id='word_1_237' title='bbox 1727 3218 1828 3316; x_wconf 57' lang='lat' dir='ltr'>recipi</span> <span class='ocrx_word' id='word_1_238' title='bbox 1841 3211 1953 3302; x_wconf 61' lang='lat' dir='ltr'>debore</span> 
     </span>
     <span class='ocr_line' id='line_1_29' title="bbox 665 3305 1954 3414; baseline -0.006 -18"><span class='ocrx_word' id='word_1_239' title='bbox 665 3347 720 3396; x_wconf 81' lang='lat' dir='ltr'>ren</span> <span class='ocrx_word' id='word_1_240' title='bbox 733 3345 835 3406; x_wconf 87' lang='lat' dir='ltr'>emus,</span> <span class='ocrx_word' id='word_1_241' title='bbox 844 3314 875 3414; x_wconf 80' lang='lat' dir='ltr'><em>st</em></span> <span class='ocrx_word' id='word_1_242' title='bbox 884 3333 992 3388; x_wconf 82' lang='lat' dir='ltr'>tamen</span> <span class='ocrx_word' id='word_1_243' title='bbox 1004 3336 1066 3384; x_wconf 84' lang='lat' dir='ltr'>non</span> <span class='ocrx_word' id='word_1_244' title='bbox 1080 3305 1199 3412; x_wconf 73' lang='lat' dir='ltr'>tpsssslt</span> <span class='ocrx_word' id='word_1_245' title='bbox 1214 3328 1350 3381; x_wconf 83' lang='lat' dir='ltr'>mortem</span> <span class='ocrx_word' id='word_1_246' title='bbox 1360 3307 1534 3410; x_wconf 80' lang='lat' dir='ltr'>probentur</span> <span class='ocrx_word' id='word_1_247' title='bbox 1543 3311 1689 3411; x_wconf 71' lang='lat' dir='ltr'>propriis</span> <span class='ocrx_word' id='word_1_248' title='bbox 1703 3313 1849 3390; x_wconf 81' lang='lat' dir='ltr'>manibus</span> <span class='ocrx_word' id='word_1_249' title='bbox 1864 3324 1954 3388; x_wconf 79' lang='lat' dir='ltr'>intu-</span> 
     </span>
     <span class='ocr_line' id='line_1_30' title="bbox 665 3408 1951 3516; baseline -0.005 -21"><span class='ocrx_word' id='word_1_250' title='bbox 665 3425 736 3496; x_wconf 79' lang='lat' dir='ltr'>lie.</span> <span class='ocrx_word' id='word_1_251' title='bbox 788 3419 840 3495; x_wconf 84' lang='lat' dir='ltr'>At</span> <span class='ocrx_word' id='word_1_252' title='bbox 865 3437 960 3492; x_wconf 88' lang='lat' dir='ltr'>vero</span> <span class='ocrx_word' id='word_1_253' title='bbox 991 3411 1065 3490; x_wconf 92' lang='lat' dir='ltr'>hoc</span> <span class='ocrx_word' id='word_1_254' title='bbox 1090 3408 1329 3516; x_wconf 84' lang='lat' dir='ltr'>priuilegium</span> <span class='ocrx_word' id='word_1_255' title='bbox 1356 3409 1647 3506; x_wconf 84' lang='lat' dir='ltr'>catechumenis,</span> <span class='ocrx_word' id='word_1_256' title='bbox 1671 3411 1748 3492; x_wconf 84' lang='lat' dir='ltr'>line</span> <span class='ocrx_word' id='word_1_257' title='bbox 1770 3413 1951 3514; x_wconf 88' lang='lat' dir='ltr'>baptismo</span> 
     </span>
     <span class='ocr_line' id='line_1_31' title="bbox 661 3506 1948 3616; baseline -0.005 -19"><span class='ocrx_word' id='word_1_258' title='bbox 661 3517 865 3612; x_wconf 70' lang='lat' dir='ltr'>defunctis,</span> <span class='ocrx_word' id='word_1_259' title='bbox 889 3539 968 3593; x_wconf 93' lang='lat' dir='ltr'>non</span> <span class='ocrx_word' id='word_1_260' title='bbox 992 3512 1062 3594; x_wconf 85' lang='lat' dir='ltr'>fuit</span> <span class='ocrx_word' id='word_1_261' title='bbox 1082 3506 1287 3603; x_wconf 87' lang='lat' dir='ltr'>indultum,</span> <span class='ocrx_word' id='word_1_262' title='bbox 1312 3508 1417 3609; x_wconf 91' lang='lat' dir='ltr'>quod</span> <span class='ocrx_word' id='word_1_263' title='bbox 1445 3534 1651 3616; x_wconf 86' lang='lat' dir='ltr'>numquam</span> <span class='ocrx_word' id='word_1_264' title='bbox 1676 3513 1843 3616; x_wconf 67' lang='lat' dir='ltr'>perfecte</span> <span class='ocrx_word' id='word_1_265' title='bbox 1865 3508 1948 3586; x_wconf 89' lang='lat' dir='ltr'>fuis-</span> 
     </span>
    </p>
   </div>
   <div class='ocr_carea' id='block_1_6' title="bbox 662 3779 1971 4372">
    <p class='ocr_par' dir='ltr' id='par_1_6' title="bbox 662 3779 1971 4372">
     <span class='ocr_line' id='line_1_32' title="bbox 664 3779 1971 3946; baseline -0.005 -9"><span class='ocrx_word' id='word_1_266' title='bbox 664 3779 1289 3938; x_wconf 54' lang='lat' dir='ltr'>v1q³nssssssni⁹c¹fun⁴ss¹e¹ralla¹fl¹3ffi</span> <span class='ocrx_word' id='word_1_267' title='bbox 1330 3779 1642 3946; x_wconf 55' lang='lat' dir='ltr'>qgssgqqangcpg)</span> <span class='ocrx_word' id='word_1_268' title='bbox 1656 3781 1971 3930; x_wconf 52' lang='lat' dir='ltr'><strong>(ffifflssffl</strong></span> 
     </span>
     <span class='ocr_line' id='line_1_33' title="bbox 662 3888 1953 4032; baseline -0.002 -12"><span class='ocrx_word' id='word_1_269' title='bbox 662 3959 701 4020; x_wconf 81' lang='lat' dir='ltr'>dr</span> <span class='ocrx_word' id='word_1_270' title='bbox 712 3957 766 4031; x_wconf 83' lang='lat' dir='ltr'>cll,</span> <span class='ocrx_word' id='word_1_271' title='bbox 791 3956 823 4015; x_wconf 92' lang='lat' dir='ltr'>in</span> <span class='ocrx_word' id='word_1_272' title='bbox 837 3952 918 4015; x_wconf 81' lang='lat' dir='ltr'>cuitu</span> <span class='ocrx_word' id='word_1_273' title='bbox 937 3969 1023 4012; x_wconf 83' lang='lat' dir='ltr'>manu</span> <span class='ocrx_word' id='word_1_274' title='bbox 1044 3949 1112 4025; x_wconf 89' lang='lat' dir='ltr'>luit,</span> <span class='ocrx_word' id='word_1_275' title='bbox 1142 3964 1172 4011; x_wconf 82' lang='lat' dir='ltr'>rt</span> <span class='ocrx_word' id='word_1_276' title='bbox 1189 3948 1288 4012; x_wconf 86' lang='lat' dir='ltr'>talium</span> <span class='ocrx_word' id='word_1_277' title='bbox 1329 3966 1429 4014; x_wconf 84' lang='lat' dir='ltr'>eontra</span> <span class='ocrx_word' id='word_1_278' title='bbox 1443 3949 1578 4026; x_wconf 72' lang='lat' dir='ltr'>formam,</span> <span class='ocrx_word' id='word_1_279' title='bbox 1595 3969 1685 4032; x_wconf 86' lang='lat' dir='ltr'>nuper</span> <span class='ocrx_word' id='word_1_280' title='bbox 1699 3943 1730 4012; x_wconf 83' lang='lat' dir='ltr'>in</span> <span class='ocrx_word' id='word_1_281' title='bbox 1745 3888 1953 4018; x_wconf 51' lang='lat' dir='ltr'>concillgasa·</span> 
     </span>
     <span class='ocr_line' id='line_1_34' title="bbox 662 4036 1951 4120; baseline -0.004 -14"><span class='ocrx_word' id='word_1_282' title='bbox 662 4042 757 4106; x_wconf 79' lang='lat' dir='ltr'>obitur</span> <span class='ocrx_word' id='word_1_283' title='bbox 777 4059 838 4100; x_wconf 90' lang='lat' dir='ltr'>non</span> <span class='ocrx_word' id='word_1_284' title='bbox 862 4036 944 4120; x_wconf 80' lang='lat' dir='ltr'>usque</span> <span class='ocrx_word' id='word_1_285' title='bbox 960 4039 996 4099; x_wconf 82' lang='lat' dir='ltr'>ad</span> <span class='ocrx_word' id='word_1_286' title='bbox 1014 4037 1225 4098; x_wconf 77' lang='lat' dir='ltr'>communionis</span> <span class='ocrx_word' id='word_1_287' title='bbox 1244 4054 1289 4096; x_wconf 82' lang='lat' dir='ltr'>re·</span> <span class='ocrx_word' id='word_1_288' title='bbox 1329 4037 1490 4102; x_wconf 82' lang='lat' dir='ltr'>cerdotlbur</span> <span class='ocrx_word' id='word_1_289' title='bbox 1515 4037 1627 4106; x_wconf 62' lang='lat' dir='ltr'>datam</span> <span class='ocrx_word' id='word_1_290' title='bbox 1658 4039 1821 4098; x_wconf 84' lang='lat' dir='ltr'>Geminium</span> <span class='ocrx_word' id='word_1_291' title='bbox 1844 4040 1951 4102; x_wconf 77' lang='lat' dir='ltr'>Paulli·</span> 
     </span>
     <span class='ocr_line' id='line_1_35' title="bbox 666 4119 1949 4204; baseline -0.002 -15"><span class='ocrx_word' id='word_1_292' title='bbox 666 4131 795 4189; x_wconf 85' lang='lat' dir='ltr'>medium</span> <span class='ocrx_word' id='word_1_293' title='bbox 808 4121 974 4186; x_wconf 81' lang='lat' dir='ltr'>differretur.</span> <span class='ocrx_word' id='word_1_294' title='bbox 1018 4125 1081 4185; x_wconf 86' lang='lat' dir='ltr'>Nos</span> <span class='ocrx_word' id='word_1_295' title='bbox 1093 4135 1204 4196; x_wconf 77' lang='lat' dir='ltr'>aurem,</span> <span class='ocrx_word' id='word_1_296' title='bbox 1224 4123 1288 4202; x_wconf 86' lang='lat' dir='ltr'>qui·</span> <span class='ocrx_word' id='word_1_297' title='bbox 1330 4141 1419 4196; x_wconf 84' lang='lat' dir='ltr'>num,</span> <span class='ocrx_word' id='word_1_298' title='bbox 1438 4121 1650 4204; x_wconf 79' lang='lat' dir='ltr'>presbyterum,</span> <span class='ocrx_word' id='word_1_299' title='bbox 1676 4119 1757 4185; x_wconf 79' lang='lat' dir='ltr'>ausus</span> <span class='ocrx_word' id='word_1_300' title='bbox 1777 4121 1810 4184; x_wconf 88' lang='lat' dir='ltr'>stt</span> <span class='ocrx_word' id='word_1_301' title='bbox 1825 4139 1949 4186; x_wconf 77' lang='lat' dir='ltr'>tutorem</span> 
     </span>
     <span class='ocr_line' id='line_1_36' title="bbox 666 4203 1951 4289; baseline -0.003 -13"><span class='ocrx_word' id='word_1_302' title='bbox 666 4210 719 4276; x_wconf 83' lang='lat' dir='ltr'>bur</span> <span class='ocrx_word' id='word_1_303' title='bbox 740 4207 900 4271; x_wconf 78' lang='lat' dir='ltr'>uiuentibus</span> <span class='ocrx_word' id='word_1_304' title='bbox 918 4227 978 4270; x_wconf 88' lang='lat' dir='ltr'>non</span> <span class='ocrx_word' id='word_1_305' title='bbox 994 4208 1286 4282; x_wconf 80' lang='lat' dir='ltr'>communicauimur,</span> <span class='ocrx_word' id='word_1_306' title='bbox 1328 4209 1510 4278; x_wconf 75' lang='lat' dir='ltr'>constituere,</span> <span class='ocrx_word' id='word_1_307' title='bbox 1524 4203 1633 4266; x_wconf 81' lang='lat' dir='ltr'>nonest</span> <span class='ocrx_word' id='word_1_308' title='bbox 1644 4208 1724 4289; x_wconf 87' lang='lat' dir='ltr'>qnod</span> <span class='ocrx_word' id='word_1_309' title='bbox 1734 4211 1951 4288; x_wconf 86' lang='lat' dir='ltr'>prodormitio·</span> 
     </span>
     <span class='ocr_line' id='line_1_37' title="bbox 666 4289 1910 4372; baseline 0.002 -16"><span class='ocrx_word' id='word_1_310' title='bbox 666 4297 785 4362; x_wconf 78' lang='lat' dir='ltr'>mortuis</span> <span class='ocrx_word' id='word_1_311' title='bbox 800 4295 1011 4355; x_wconf 82' lang='lat' dir='ltr'>communicare</span> <span class='ocrx_word' id='word_1_312' title='bbox 1026 4311 1085 4354; x_wconf 92' lang='lat' dir='ltr'>non</span> <span class='ocrx_word' id='word_1_313' title='bbox 1098 4289 1249 4372; x_wconf 80' lang='lat' dir='ltr'>pulsamur.</span> <span class='ocrx_word' id='word_1_314' title='bbox 1329 4313 1368 4358; x_wconf 88' lang='lat' dir='ltr'>ue</span> <span class='ocrx_word' id='word_1_315' title='bbox 1380 4291 1584 4372; x_wconf 79' lang='lat' dir='ltr'>eiurtpudvos</span> <span class='ocrx_word' id='word_1_316' title='bbox 1599 4289 1650 4354; x_wconf 83' lang='lat' dir='ltr'>fiat</span> <span class='ocrx_word' id='word_1_317' title='bbox 1664 4289 1783 4365; x_wconf 81' lang='lat' dir='ltr'>oblatio,</span> <span class='ocrx_word' id='word_1_318' title='bbox 1809 4312 1910 4372; x_wconf 76' lang='lat' dir='ltr'>cetera,</span> 
     </span>
    </p>
   </div>
   <div class='ocr_carea' id='block_1_7' title="bbox 706 4369 1949 4570">
    <p class='ocr_par' dir='ltr' id='par_1_7' title="bbox 706 4369 1949 4570">
     <span class='ocr_line' id='line_1_38' title="bbox 706 4369 1870 4478; baseline 0.008 -38"><span class='ocrx_word' id='word_1_319' title='bbox 706 4383 738 4464; x_wconf 91' lang='lat' dir='ltr'>r)</span> <span class='ocrx_word' id='word_1_320' title='bbox 757 4377 899 4474; x_wconf 67' lang='lat' dir='ltr'>Cyprias.</span> <span class='ocrx_word' id='word_1_321' title='bbox 930 4377 1008 4459; x_wconf 76' lang='lat' dir='ltr'>epist.</span> <span class='ocrx_word' id='word_1_322' title='bbox 1028 4381 1132 4453; x_wconf 81' lang='lat' dir='ltr'>val.</span> <span class='ocrx_word' id='word_1_323' title='bbox 1149 4381 1197 4474; x_wconf 55' lang='lat'>31.¹</span> <span class='ocrx_word' id='word_1_324' title='bbox 1212 4375 1288 4446; x_wconf 69' lang='grc' dir='ltr'>1.ίᾶ</span> <span class='ocrx_word' id='word_1_325' title='bbox 1334 4369 1530 4460; x_wconf 60' lang='grc' dir='ltr'>00οή</span> <span class='ocrx_word' id='word_1_326' title='bbox 1541 4379 1823 4450; x_wconf 62' lang='lat' dir='ltr'>Antei-melv.</span> <span class='ocrx_word' id='word_1_327' title='bbox 1867 4473 1870 4478; x_wconf 28' lang='grc' dir='ltr'>Ι</span> 
     </span>
     <span class='ocr_line' id='line_1_39' title="bbox 1868 4485 1949 4570; baseline -0.025 0"><span class='ocrx_word' id='word_1_328' title='bbox 1868 4485 1949 4570; x_wconf 79' lang='lat' dir='ltr'>sent</span> 
     </span>
    </p>
   </div>
   <div class='ocr_carea' id='block_1_8' title="bbox 0 0 2372 5442">
    <p class='ocr_par' dir='ltr' id='par_1_8' title="bbox 0 0 2372 5442">
     <span class='ocr_line' id='line_1_40' title="bbox 0 0 2372 5442; baseline 0 0"><span class='ocrx_word' id='word_1_329' title='bbox 0 0 2372 5442; x_wconf 95' lang='lat' dir='ltr'> </span> 
     </span>
    </p>
   </div>
  </div>
 </body>
</html>
