4734 5442
550 574 598 667 96
753 585 929 644 ottatuau
955 582 1281 640 tectrtrttrrctuvtt
1305 583 1368 633 tta.
1390 583 1457 637 xta.
1476 586 1546 637 cta.
1565 587 1618 642 tu.

552 677 1824 705 ......-..-..----------------

557 709 632 828 ipsa
645 729 737 802 vrbe
754 733 1127 799 Romaataaottvs
1148 711 1353 806 uiduus,
1379 739 1495 811 quum
1509 718 1741 793 occaliouem
1766 715 1830 791 ha·

557 829 663 905 beret
684 821 880 923 ¹adlegundi
905 821 1028 895 locunt
1054 838 1101 891 ex
1126 817 1230 892 libris
1254 815 1523 906 Maccabaeotum,
1547 819 1650 916 prius
1673 818 1707 892 le
1722 839 1831 891 excu-

542 928 627 1021 ,set,
655 923 755 1023 quod
784 920 1030 999 testimouium
1067 915 1232 1015 proferat
1268 939 1314 990 ex
1345 917 1439 993 libro
1464 940 1544 994 non
1577 917 1863 1010 canonicor),

553 1026 617 1104 sed
633 1047 770 1104 tautum
790 1021 835 1097 ad
855 1017 1136 1095 adificatiottent
1159 1014 1317 1093 ecclestae
1344 1016 1456 1094 edito.
1527 1015 1610 1115 Ipse
1630 1018 1741 1091 etiam
1766 1040 1838 1094 lv·

557 1139 781 1204 'evsutuvs
804 1126 837 1219 ¹)
860 1124 898 1194 in
920 1116 1159 1216 responsione
1173 1116 1219 1190 ad
1234 1117 1434 1217 theologos
1455 1118 1630 1190 Gallicanos
1650 1140 1728 1192 uon
1745 1142 1837 1193 con·
1880 1154 1891 1217 j

375 1267 378 1274 ·
447 1297 461 1322 ,
556 1224 673 1306 tendit
689 1224 839 1300 ulterius
857 1244 929 1320 pro
948 1218 1069 1293 diuina
1093 1216 1305 1293 austeritate
1336 1218 1420 1294 libri
1446 1224 1633 1315 Sapientia,
1658 1241 1770 1316 quem
1793 1235 1835 1294 vt

347 1359 350 1375 ·
399 1325 403 1332 ’
462 1321 465 1326 ’
536 1326 777 1414 ‚catumeum
798 1320 1049 1420 adlegauetat,
1069 1316 1138 1393 atili
1159 1316 1262 1415 quod
1292 1341 1338 1393 eo
1354 1319 1440 1395 loco
1457 1319 1503 1392 ab
1527 1316 1683 1394 ecclestis
1706 1315 1835 1413 Africa·

555 1439 609 1504 nis
622 1429 694 1502 iam
710 1446 792 1499 ante
808 1422 843 1498 se
857 1421 999 1497 habitus
1018 1418 1138 1493 fuerit.
1213 1418 1313 1516 Quae
1337 1440 1397 1493 rea
1420 1440 1467 1494 ex
1486 1414 1543 1492 sua
1557 1416 1669 1518 ipstus
1694 1419 1836 1519 regula,

425 1535 452 1582 *⁸
585 1551 668 1603 uam
684 1548 788 1600 autea
809 1526 846 1596 in
876 1520 970 1597 libro
999 1519 1046 1597 de
1069 1520 1216 1593 dol‘irina
1243 1520 1411 1617 christiana
1433 1516 1605 1608 dederat,
1627 1542 1704 1594 nott
1729 1516 1839 1594 seusu

555 1553 774 1706 iiiittiffimo
808 1622 1025 1698 canonicum
1059 1644 1143 1694 eum
1168 1619 1273 1712 facit,
1302 1620 1388 1715 quia
1411 1616 1455 1694 ab
1480 1617 1654 1695 omnibus
1678 1618 1837 1710 ecclesiis

557 1727 727 1806 Orientis
744 1723 782 1801 'dt
797 1724 894 1799 bona
911 1743 1014 1821 patre
1035 1717 1253 1796 Occidentis
1273 1717 1470 1797 auctoritas
1491 1716 1626 1795 diuinae
1646 1717 1836 1819 scripturae

555 1821 610 1905 illi
623 1824 823 1903 abiudicata
838 1821 916 1897 fuit.
981 1819 1185 1917 Adeoque,
1206 1820 1289 1895 licet
1310 1817 1349 1893 hi
1366 1820 1501 1894 libriin
1520 1816 1666 1897 ecclesia
1682 1820 1837 1916 Africana

555 1925 622 2020 ¹sub
643 1927 793 2004 nornine
809 1920 995 2023 scripturae
1017 1921 1202 1997 canonicae
1229 1918 1312 1997 leiti
1335 1917 1491 2012 fuerint,
1523 1939 1749 2012 nun-tamen
1775 1944 1837 2019 pa·

530 2056 534 2063 ’
556 2052 639 2106 rem
656 2030 691 2101 in
707 2025 855 2123 reliquis
872 2020 1128 2098 audietitatem
1150 2020 1326 2112 habuere,
1350 2021 1437 2116 quia
1455 2020 1501 2096 ab
1517 2019 1687 2102 omnibus
1700 2022 1739 2094 itt
1755 2020 1835 2095 vni·
1875 2061 1881 2067 ·

525 2148 530 2162 ’
554 2127 700 2205 versum
717 2149 793 2200 non
808 2119 871 2197 nist
890 2146 970 2221 pto.
985 2119 1234 2221 apocryphis,
1257 2120 1339 2209 vel,
1361 2143 1402 2198 vt
1416 2121 1475 2196 alii
1493 2141 1646 2212 vocant,
1672 2118 1837 2196 ecclelia·

554 2228 647 2303 ilicis
667 2244 827 2316 tantum,
854 2224 1012 2319 reputati
1033 2219 1203 2313 fuerunt,
1228 2219 1531 2318 quandoquidem
1552 2221 1589 2296 itt
1616 2217 1763 2297 ecclelia
1787 2215 1835 2297 ad

556 2326 835 2404 instrudiioneut
852 2341 995 2397 tanturn
1011 2343 1161 2393 motum
1176 2319 1215 2394 ἃ
1233 2317 1516 2397 aedificationem
1525 2320 1672 2422 plebis,
1694 2345 1771 2397 uon
1788 2319 1835 2396 ad

553 2420 806 2503 confirmanda
831 2416 919 2495 fidei
933 2416 1128 2517 dogmata,
1150 2417 1225 2517 legi
1243 2419 1557 2517 permittebantur.
1607 2420 1735 2520 Atque
1750 2419 1833 2495 haec

549 2528 645 2618 surtt,
667 2546 751 2620 quae
764 2515 914 2622 ipsemet
925 2540 1108 2594 saeuas
1127 2540 1388 2597 carrrauvs
1403 2518 1451 2597 de
1468 2523 1573 2618 praxi
1588 2520 1700 2598 tradit
1717 2520 1830 2599 eccle·

553 2626 635 2719 stae,
670 2643 866 2717 antequam
895 2618 1092 2708 concilium
1125 2623 1157 2691 T
1154 2620 1355 2693 ridentinum
1381 2643 1522 2699 nouum
1546 2644 1729 2700 canonem
1748 2621 1833 2698 scri·

555 2747 678 2829 pturae
693 2718 868 2800 deliniuit·
944 2715 1036 2795 lstos
1056 2717 1172 2797 libros
1188 2720 1274 2797 dicit
1290 2724 1337 2819 m)
1359 2745 1437 2799 nott
1466 2717 1537 2802 effe
1553 2725 1774 2820 canonicos,
1795 2717 1835 2801 id

555 2824 625 2920 est,
648 2822 837 2925 regulares
851 2819 897 2898 ad
915 2816 1137 2896 firmandum
1163 2845 1224 2917 ea,
1251 2846 1335 2918 quae
1357 2820 1426 2900 fint
1447 2819 1551 2899 fidei:
1617 2820 1691 2902 ulie
1710 2844 1835 2903 tamen

554 2928 629 3004 dici
650 2925 869 3016 canonicos,
892 2920 966 2997 fiue
982 2919 1186 3020 regulares,
1211 2921 1256 2997 ad
1269 2919 1550 3000 adificationettt
1598 2922 1754 3017 delium,
1778 2948 1836 3004 vt·

582 3047 644 3105 ote
670 3028 709 3100 iri
740 3045 882 3099 maone
910 3018 1109 3097 bibliorum
1132 3043 1307 3123 receptos
1337 3023 1375 3098 ἃ
1397 3022 1613 3103 αυᾶοτίῑαῑε
1642 3023 1832 3124 praeditos.

551 3052 600 3205 fit
621 3149 707 3202 cum
733 3120 803 3198 hac
826 3117 1058 3198 distinetione
1084 3119 1241 3199 dilcertti
1266 3120 1372 3221 polle
1397 3144 1500 3223 putat
1527 3147 1830 3205 avuvsrtuvu
1881 3171 1885 3176 -

592 3365 636 3442 k)
658 3364 775 3445 Gregur.
803 3347 899 3444 magri.
926 3360 1025 3427 moral.
1047 3358 1078 3418 ln
1104 3352 1169 3421 lob.
1208 3360 1391 3424 narratione
1410 3359 1516 3426 diuina
1532 3361 1706 3427 auiiotitttis
1723 3365 1826 3427 audiri.

549 3450 604 3516 lib.
625 3449 702 3513 xlx,
723 3466 749 3507 e.
767 3449 843 3508 Xlll.
866 3474 869 3480 ·
906 3450 972 3524 Qa
994 3446 1031 3507 de
1055 3463 1085 3504 re
1106 3463 1167 3506 nott
1250 3446 1298 3526 m)
1317 3445 1446 3509 Caietttt⁸
1462 3451 1492 3510 in
1506 3450 1728 3513 fineromtuent.
1742 3452 1772 3510 in
1786 3448 1829 3510 hi·

548 3532 708 3594 inotdinate
734 3531 860 3609 agitatu,
893 3531 913 3586 st
942 3528 1081 3591 eii-libais
1102 3532 1167 3592 lieet
1208 3529 1274 3601 lior.
1289 3532 1465 3606 vetrallam.
1493 3536 1825 3613 Adllietonymilimam

548 3634 609 3679 non
625 3612 784 3681 canonicis,
805 3609 851 3669 l'ed
866 3623 963 3671 tamen
983 3614 1020 3670 ad
1041 3614 1165 3674 edifica·
1207 3619 1365 3677 reducenda
1381 3618 1445 3679 lunt
1460 3636 1520 3680 tm
1538 3620 1624 3679 uerba
1638 3617 1824 3676 conciliorum

549 3704 658 3762 tionem
668 3692 889 3766 eoetefizeditls,
899 3694 1089 3755 telliutouiutu
1101 3711 1165 3773 pto·
1205 3716 1290 3776 quam
1305 3698 1466 3761 dubiorum.
1526 3703 1565 3761 Et
1581 3702 1659 3759 iuxta
1678 3698 1753 3759 illius
1763 3697 1825 3758 sett-

547 3785 679 3848 l'etamur.
1205 3781 1321 3840 uetiam
1337 3778 1402 3842 libii
1413 3784 1455 3843 illi
1474 3801 1534 3844 non
1547 3784 1609 3845 sunt
1624 3783 1771 3856 manici,
1792 3783 1824 3845 id

590 3873 625 3952 l)
642 3875 716 3952 Aug.
726 3864 763 3927 de
775 3861 929 3946 pradelliu
941 3860 989 3924 lib.
1004 3864 1028 3923 1.
1048 3881 1073 3924 c.
1085 3862 1161 3924 xlv.
1205 3863 1258 3939 eli,
1278 3868 1433 3949 regulares,
1455 3869 1491 3930 ad
1511 3868 1683 3932 firmandum
1702 3888 1735 3929 ea
1756 3887 1820 3950 que

547 3969 622 4019 tom.
637 3957 702 4018 Vll.
712 3973 740 4034 p.
754 3972 805 4032 553.
826 3952 901 4012 Non
911 3946 1008 4009 debuit
1024 3947 1163 4026 repudiati
1204 3947 1270 4010 sunt
1287 3951 1368 4011 fidei:
1403 3951 1517 4034 poliunt
1536 3968 1632 4017 tamen
1654 3956 1712 4015 dici
1738 3968 1824 4016 caua·

546 4042 682 4106 sententia
699 4037 764 4100 libri
776 4034 931 4115 sapientia,
946 4035 993 4116 qui
1011 4035 1112 4093 metuit
1132 4035 1162 4092 in
1204 4036 1277 4110 ttici,
1295 4037 1324 4097 id
1341 4035 1393 4111 eli,
1419 4043 1577 4125 regulares,
1605 4043 1643 4102 ad
1663 4039 1826 4103 edificatio·

547 4125 659 4191 eoelesta
674 4122 794 4196 Christi,
805 4123 841 4184 de
858 4122 948 4206 gradu
962 4119 1098 4182 tetrorum
1115 4138 1163 4179 aa·
1204 4140 1273 4182 nem
1287 4121 1432 4199 fidelium,
1455 4139 1552 4207 utpote
1565 4130 1595 4187 in
1607 4144 1716 4188 mone
1728 4122 1824 4188 bibliae

547 4210 635 4277 deba
645 4209 748 4272 Cbtilli
768 4221 827 4267 tam
848 4210 936 4290 longa
951 4202 1105 4268 anuosttate
1124 4223 1161 4265 te·
1205 4209 1242 4268 ad
1256 4205 1425 4287 hoctecepti
1438 4208 1628 4279 &austorati
1678 4211 1757 4284 Cum
1768 4209 1830 4273 hau.

547 4299 646 4370 citati,
675 4293 705 4354 δι
735 4289 771 4354 ab
785 4291 920 4354 omnibus
935 4291 1106 4366 chtillitnia,
1127 4287 1164 4352 ab
1205 4292 1381 4353 diliindione
1395 4292 1549 4360 discernere
1558 4297 1661 4379 putetis
1672 4297 1747 4358 dida
1760 4298 1822 4359 Au·

547 4379 684 4464 episeopis
704 4376 788 4460 tique
812 4378 1004 4438 adextrantes
1020 4375 1164 4452 laieoe,fi·
1205 4377 1465 4462 guiliui&sctipta
1482 4386 1515 4446 in
1537 4384 1707 4471 ptoumdaii
1725 4382 1822 4449 aenei·

546 4471 638 4559 ἶφι
659 4461 1077 4554 ΡΨΠῙΨΜΜ
1097 4479 1166 4535 ⁶⁰⁸
1207 4463 1497 4562 Ψοψᾶἰῃωῡι
1585 4517 1591 4524 ·

1683 4687 1687 4692 Ι
1781 4584 1821 4651 et
