4734 5442
524 568 589 656 580
758 565 1275 630 ortorururecrrrrrsrrcrnru
1294 569 1357 622 nr.
1371 566 1426 620 xv.
1449 569 1522 623 cor.
1542 571 1586 622 rx.
1691 597 1700 610 „
1800 605 1806 614 .

528 671 1807 700 ...-.-----------—-—----

527 740 666 821 tempore
679 725 824 818 accipiar,
841 743 902 814 quo
915 712 1005 786 debet
1018 739 1110 811 agere
1118 721 1350 812 penitentiam,
1363 740 1426 786 nou
1438 733 1476 784 ut
1490 711 1628 786 arbitrio
1634 711 1692 812 sue
1705 737 1813 816 quum

530 817 627 910 itin,
650 823 702 892 uel
712 817 840 912 auferat
848 813 886 914 se
899 823 1111 888 communioni
1118 872 1129 913 ‚
1140 817 1192 886 oei
1204 813 1328 887 reddor.
1380 821 1528 888 Ceterum
1535 817 1699 912 spectato
1715 835 1818 890 tantu

532 948 594 998 nou
613 919 706 1014 suut,
727 939 765 991 ot
777 915 1097 990 excommunicandus
1110 915 1278 1015 quosquam
1294 915 1581 1004 homicidiorum,
1603 915 1709 1016 nense
1723 915 1820 992 debet

531 1048 553 1096 ι
578 1021 763 1118 quotidiano
785 1019 943 1092 medicina
965 1017 1118 1090 dominici
1135 1023 1276 1114 torporis
1292 1016 1454 1117 separare.
1503 1017 1635 1096 Rodios
1653 1027 1744 1093 inter
1764 1043 1820 1092 eor

526 1118 657 1224 seriose
667 1119 834 1222 quisquam
851 1120 984 1192 dirimit
996 1121 1109 1207 litem,
1124 1126 1182 1216 qui
1194 1137 1316 1204 rotetur,
1337 1137 1377 1188 et
1412 1126 1541 1290 reosque
1556 1127 1593 1190 iu
1610 1120 1689 1194 chri
1711 1130 1725 1190 i
1731 1145 1817 1218 pace

530 1243 758 1326 permaneant:
779 1221 884 1317 satim
907 1239 1014 1292 amem
1032 1215 1262 1316 uuusquisque,
1277 1217 1365 1315 qued
1372 1139 1466 1314 deun
1489 1244 1543 1292 um
1551 1219 1652 1312 fidem
1679 1246 1755 1294 uum
1762 1229 1822 1318 pie

533 1325 639 1398 eredit
653 1321 909 1425 esesacieudum.
959 1327 1080 1393 Neuter
1092 1329 1177 1390 enim
1189 1343 1297 1389 eorum
1311 1319 1487 1392 exhonorat
1503 1343 1616 1423 corpus
1634 1319 1675 1400 Εἴ
1683 1319 1822 1420 stragm-

534 1452 607 1500 uem
618 1431 763 1516 Domini,
772 1425 802 1518 st
807 1419 1053 1521 saluberrimum
1054 1418 1290 1519 sacratoreutum
1298 1428 1447 1490 certatim
1456 1421 1822 1496 hottororeeonteoduut.

533 1533 646 1626 Neque
657 1531 742 1596 euim
757 1527 968 1618 litigaueruut
980 1531 1068 1593 iuter
1076 1519 1132 1618 se,
1149 1539 1206 1590 aut
1222 1513 1391 1617 quosquam
1402 1547 1511 1594 eorum
1518 1519 1555 1620 se
1569 1525 1667 1596 alteri
1680 1521 1825 1627 opposuit

536 1629 705 1712 Zetae,
728 1620 766 1703 εἴ
781 1627 831 1695 iiie
846 1631 1010 1710 centurio,
1032 1647 1131 1721 quum
1147 1623 1230 1691 ulter
1245 1645 1355 1692 aerum
1372 1621 1513 1716 gaudens
1527 1631 1565 1696 in
1578 1623 1709 1698 dentum
1721 1626 1825 1725 suam

526 1725 701 1829 susceperit
720 1731 892 1798 Dominum
900 1751 916 1810 ,·
931 1726 1014 1796 aiter
1030 1721 1129 1810 dicit,
1148 1729 1218 1793 Non
1226 1717 1301 1819 firm
1315 1721 1452 1820 dagnus,
1468 1743 1506 1795 et
1517 1733 1621 1797 intres
1627 1722 1687 1823 fieb
1698 1725 1826 1814 toditem

534 1852 661 1904 nuum:
684 1827 772 1899 umbo
781 1819 973 1924 saluatorem
991 1821 1231 1913 honorificantes
1250 1820 1377 1921 diuerso
1391 1818 1430 1902 εἴ
1445 1827 1534 1922 quast
1544 1833 1705 1898 contrario
1717 1827 1827 1916 modo,

539 1927 630 2004 ambo
639 1935 775 2030 peccatis
789 1924 900 2024 mifiri
907 1978 918 2015 ,
933 1922 1022 1998 autho
1044 1921 1297 2024 misericordiam
1317 1920 1508 2023 roofiquuti.
1563 1928 1650 2002 Volet
1664 1935 1765 2000 etiem
1781 1926 1829 2001 ad

536 2033 618 2107 baut
635 2027 900 2127 sutilitudiuem,
924 2024 1010 2126 quod
1029 2031 1066 2096 t'n
1080 2032 1191 2121 primo
1209 2026 1316 2124 populo
1328 2034 1498 2126 uuicuique
1519 2025 1827 2124 mannasecundum

535 2139 706 2233 propriam
723 2133 916 2202 voluntatem
935 2137 971 2199 iu
989 2152 1041 2200 ore
1056 2123 1199 2228 sapiebat
1206 2153 1222 2211 ,·
1239 2127 1283 2222 fic
1300 2133 1336 2196 in
1357 2153 1411 2200 ore
1432 2124 1581 2228 cuiusque
1600 2129 1828 2228 christianist-

540 2251 740 2310 eremeutum
752 2229 840 2318 iilud,
856 2228 981 2330 quaudo
987 2226 1161 2325 firmatur,
1184 2225 1415 2322 estimandum..
1455 2235 1540 2301 Nam
1555 2225 1594 2308 εἷ
1606 2232 1658 2300 iiia
1671 2233 1831 2304 honorau-

540 2334 582 2410 do
595 2359 657 2407 nou
671 2330 920 2432 audorqrootidie
927 2328 1075 2428 suniero,
1101 2325 1140 2407 ti
1159 2329 1210 2398 iiie
1220 2328 1400 2402 honorando
1420 2354 1482 2401 non
1497 2329 1593 2402 audet
1604 2333 1664 2404 elio
1677 2331 1733 2404 die
1744 2351 1828 2433 pra·

540 2443 735 2510 termittere.
786 2429 916 2508 Saniiu
938 2452 1038 2508 certe
1060 2430 1141 2504 haec
1161 2443 1238 2506 erat
1254 2433 1464 2524 contentio,
1479 2429 1517 2506 dt
1535 2430 1725 2530 videmus,
1744 2457 1831 2510 non

541 2533 645 2612 fuiffe
667 2531 952 2630 disputationem
973 2529 1021 2608 de
1043 2554 1109 2625 eo,
1135 2551 1262 2606 vtrum
1291 2527 1400 2604 semel
1427 2554 1473 2606 an
1493 2530 1549 2606 bis
1569 2555 1637 2630 per
1661 2530 1713 2608 sm
1769 2533 1833 2610 los

543 2657 681 2727 annos,
704 2629 766 2707 sed
786 2634 931 2729 potius,
956 2652 1080 2705 vtrum
1096 2627 1207 2704 semel
1224 2628 1283 2703 vel
1302 2630 1357 2704 bis
1372 2653 1439 2728 per
1453 2629 1610 2732 singulos
1623 2629 1697 2710 heb
1727 2658 1832 2712 oma-

547 2735 636 2829 des,
655 2756 702 2810 nn
722 2734 848 2832 potius
874 2727 1043 2828 quotidie
1066 2729 1183 2828 accipi
1204 2751 1285 2805 eum
1306 2752 1510 2829 oporteret.
1549 2756 1833 2812 cnuuoorvu

544 2858 652 2914 omen
673 2834 711 2933 x)
733 2829 939 2908 audiuimus
960 2828 1163 2918 dicentem,
1186 2827 1222 2906 se
1250 2828 1502 2925 quotidianam
1523 2836 1835 2914 communionem

549 2961 621 3017 nee
642 2933 810 3022 laudare,
844 2955 914 3008 nec
944 2928 1245 3030 reprehendere:
1289 2931 1461 3010 omnibus
1483 2953 1607 3010 tamen
1634 2933 1835 3017 dominicis

462 3038 467 3047 '
546 3036 677 3114 diebus
696 3029 1046 3111 communicandum
1068 3028 1218 3108 sundere
1245 3029 1283 3106 dr
1303 3030 1464 3125 hortari,
1487 3039 1652 3112 srtamen
1669 3059 1776 3114 mens
1792 3036 1833 3114 sr-

546 3164 596 3218 ue
625 3133 772 3213 adfectu
801 3129 978 3232 peccandi
1007 3128 1059 3206 fit.
1119 3153 1379 3206 nurnosrvs
1404 3142 1444 3222 ν)
1483 3131 1699 3215 sententium
1730 3137 1835 3217 suam

548 3265 623 3341 pro
656 3231 870 3336 quotidiano
897 3231 1163 3310 communione
1188 3233 1238 3307 ito
1262 3229 1446 3308 declurot:
1496 3239 1534 3311 Si
1556 3239 1833 3340 quotidianrasesi

542 3350 654 3444 ponis,
670 3336 802 3434 inquit,
817 3357 876 3409 cur
886 3336 948 3436 pos
962 3358 1083 3408 nuum
1095 3335 1185 3406 iilum
1190 3329 1309 3434 sumis,
1323 3335 1587 3433 quemadmodum
1603 3347 1706 3414 Greci
1711 3352 1749 3415 in
1757 3347 1834 3418 ori·

546 3439 734 3539 eruesocere
749 3435 999 3535 consueuerunti
1023 3441 1135 3537 Accipe
1147 3435 1302 3535 quotidie,
1309 3435 1397 3534 quod
1404 3436 1548 3536 quotidie
1564 3438 1625 3513 tibi
1627 3445 1735 3539 profit.
1774 3449 1834 3520 Sie

546 3555 637 3631 uiue,
659 3560 699 3614 ut
717 3537 859 3640 quotidie
878 3545 1034 3610 merearis
1049 3545 1198 3639 accipere.
1250 3543 1321 3634 Qui
1333 3564 1396 3611 uon
1408 3561 1552 3615 meretur
1561 3543 1832 3642 quotidieecet'pe·

543 3672 593 3733 re,
605 3669 668 3715 non
681 3660 825 3714 meretur
836 3642 898 3744 posi
912 3665 1030 3712 annum
1044 3649 1190 3741 accipere.
1241 3639 1380 3716 Iterum
1401 3651 1464 3730 z):
1495 3647 1550 3734 Si,
1571 3642 1764 3742 quotiescum
1787 3671 1830 3718 ue

544 3743 725 3847 effunditur
734 3741 878 3842 fiouguie,
891 3741 1141 3840 inremissionem
1153 3761 1353 3844 precatorum
1358 3737 1519 3836 funditur
1530 3775 1538 3816 r
1549 3743 1638 3819 debeo
1646 3751 1734 3821 idum
1742 3671 1832 3846 dm·

543 3871 605 3954 per
617 3852 775 3946 accipere,
792 3862 830 3914 et
842 3839 968 3939 semper
986 3844 1070 3914 mihi
1088 3863 1217 3943 peceato
1230 3847 1454 3918 dimittantur.
1505 3844 1710 3950 Qisemper
1720 3871 1828 3952 pecto,

538 3949 666 4052 semper
679 3941 770 4020 debeo
787 3940 897 4019 babere
910 3941 1111 4018 medicinam.
1164 3966 1424 4022 iuonosrvs
1444 3945 1526 4023 heic
1544 3947 1623 4026 sotis
1639 3953 1831 4050 perspicue

545 4050 702 4140 indicat,
731 4047 1035 4124 communionem
1062 4047 1100 4122 in
1123 4043 1269 4124 ecclefir
1290 4043 1522 4128 Occidentuli
1550 4049 1717 4148 quotidie
1736 4056 1831 4135 eele-

549 4222 711 4243 ...ιιι-
1155 4215 1828 4248 Μ*-

589 4299 626 4376 ι)
638 4290 764 4359 Gannad.
779 4291 946 4371 dedogmnt.
956 4285 1048 4352 ecclei
1055 4309 1078 4352 c.
1086 4291 1163 4364 ΠΗ.
1248 4291 1287 4374 y)
1305 4291 1435 4354 umbros.
1449 4289 1484 4349 de
1496 4287 1612 4361 saotrm.
1627 4295 1828 4372 iib.v,e.1v.

546 4385 614 4452 vid.
626 4373 948 4458 crimonosorum
960 4375 990 4459 c)
1002 4393 1093 4461 ppo.
1246 4374 1573 4465 2)ld·iib‚lV.c.Vi.

1724 4523 1829 4608 bruti
1857 4611 1861 4616 ,
