4734 5442
620 641 623 650 ,
683 579 748 667 228
890 587 1070 643 ortorum
1094 571 1427 674 mmurrtcmru
1450 583 1516 640 uu.
1536 561 1605 637 xiv.
1626 586 1696 639 mr.
1719 589 1767 639 rr.

686 686 856 710 m

683 727 824 805 crimen
845 722 950 817 effers
975 717 1116 802 tametsi
1136 719 1320 818 absolutio
1345 721 1385 796 in
1409 717 1604 798 ordinariis
1630 721 1767 800 casibus
1787 720 1970 798 ad-alrare

683 826 906 929 plerumque
921 824 1081 904 daretur.
1132 822 1210 899 lrm
1227 819 1254 897 sr
1269 822 1435 924 precatio
1455 818 1714 917 absolutionis,
1735 849 1818 922 quoe
1836 842 1974 900 eorum
2058 918 2062 924 Ι

683 949 762 1005 erat
786 926 1036 1004 reconciliatio
1059 944 1143 1002 ante
1163 922 1305 1024 alteret,
1329 945 1612 1021 nonnumquam
1629 945 1715 1006 ante
1737 922 1899 1023 apsidem
1923 918 1975 996 fa·

685 1026 743 1104 sla
756 1027 828 1121 est,
852 1049 983 1127 purum
996 1022 1179 1118 dubiiesl,
1198 1024 1289 1123 quin
1303 1022 1382 1102 uliae
1399 1046 1549 1124 preces,
1564 1048 1649 1123 quae
1669 1021 1790 1102 modo
1804 1020 1972 1100 introdu·
1996 1035 2000 1040 ’

685 1127 762 1206 sbio
789 1151 893 1206 erant
914 1127 960 1206 ad
982 1139 1116 1206 eorum
1141 1125 1499 1217 reconciliationem,
1522 1124 1661 1204 ibidem
1685 1148 1839 1225 quoque
1864 1121 1972 1199 sasire

684 1228 762 1307 fine
785 1252 789 1261 ’
820 1228 980 1320 rlHaec
1001 1223 1103 1306 millu
1122 1224 1475 1314 catechumenorum
1505 1226 1826 1326 &poenitentium
1850 1223 1973 1300 distin·

685 1329 787 1412 sium
802 1331 911 1431 plane
924 1326 1162 1407 ministerium
1178 1347 1258 1404 erat
1272 1350 1294 1404 a
1308 1322 1608 1422 millafidelium,
1625 1326 1809 1427 fiebatque
1823 1324 1972 1426 semper

684 1430 793 1533 plena
814 1455 947 1509 eorum
968 1425 1368 1527 dimilsto,⁴antequcm
1391 1428 1466 1505 boc
1481 1427 1662 1529 posterius
1678 1426 1841 1508 officium
1864 1450 1971 1527 cepe·

685 1553 743 1610 ret
763 1533 919 1610 initium.
970 1536 1008 1629 3)
1023 1526 1223 1631 Expreslus
1245 1527 1396 1628 quidam
1417 1552 1540 1608 ernon
1556 1530 1778 1616 inconcilio
1802 1531 1971 1630 Carthagi·-

684 1635 771 1730 nrrss
783 1634 893 1714 tertio
909 1631 1041 1723 exstat,
1058 1633 1124 1728 qui
1139 1654 1294 1710 omnem
1307 1632 1518 1709 orationem
1532 1634 1734 1720 anteritate
1750 1631 1796 1710 ad
1811 1652 1970 1733 patrem,

684 1758 765 1822 non
779 1732 826 1812 nd
838 1733 956 1813 filium
976 1734 1031 1833 l),
1054 1731 1123 1810 diri
1153 1735 1165 1809 i
1182 1731 1281 1810 iubet
1290 1760 1305 1808 r,
1325 1733 1378 1809 At
1396 1755 1490 1812 vero
1505 1731 1736 1813 manifestum
1755 1732 1826 1819 est.
1840 1752 1972 1834 preces

685 1858 760 1938 pro
776 1839 1035 1939 energumenis
1050 1831 1096 1910 ad
1151 1836 1228 1913 ium
1251 1831 1408 1911 ditedias
1430 1832 1553 1930 fuisse,
1578 1837 1632 1914 vti
1646 1856 1750 1913 antea
1766 1834 1814 1933 m)
1836 1837 1877 1912 in'
1893 1830 1971 1909 sor·

553 1937 556 1946 '
685 1938 804 2031 muln,
827 1959 874 2014 ex
899 1933 1168 2036 curssrrurr'om'bur
1194 1938 1320 2022 citata,
1345 1934 1517 2013 vidimus.
1568 1936 1620 2013 Vr
1643 1935 1738 2020 adeo
1757 1933 1971 2036 veldicipli·

682 2060 771 2118 uam
787 2036 1015 2116 ecclesiarum
1028 2035 1274 2115 Orientalium
1291 2058 1312 2112 a
1332 2033 1517 2136 disciplina
1531 2035 1763 2118 ecclesiarum
1785 2035 1971 2114 Occiden-

516 2198 518 2206 ,
627 2201 633 2216 .
686 2138 815 2228 tullum
832 2138 946 2216 ‘valde
964 2135 1145 2215 diuersam
1160 2134 1264 2216 soille
1285 2155 1481 2236 oporteat3
1513 2138 1573 2217 vel
1594 2135 1793 2228 necessario
1825 2136 1972 2214 conclu·

603 2293 610 2302 -
684 2235 850 2326 dendum
865 2239 972 2317 nobis
987 2236 1048 2331 stt,
1071 2236 1175 2317 hasce
1193 2241 1444 2339 precationes,
1470 2235 1629 2338 querum
1643 2236 1972 2341 quedamrdlllls
2036 2319 2039 2326 ,

685 2363 750 2470 um
767 2338 918 2419 direuoe
936 2338 1039 2435 sunt,
1063 2338 1110 2418 td
1124 2338 1235 2417 nltare
1250 2363 1328 2418 non
1344 2337 1448 2420 fuisse
1462 2337 1587 2419 neus.
1695 2355 1698 2360 ’

1224 2467 1257 2569 t.
1307 2467 1404 2547 xur.

492 2581 501 2592 '
574 2527 586 2556 ᾖ
686 2578 786 2661 Num
799 2578 876 2659 vsa
891 2574 1095 2685 istiusmodi
1111 2578 1292 2685 drstinsin
1294 2601 1426 2686 preces
1432 2602 1504 2687 pro
1520 2531 1792 2666 catechumersr's
1805 2581 1851 2664 ss
1856 2588 1971 2690 preni-

954 2689 1124 2772 tentr'bus
1147 2698 1190 2772 in
1211 2691 1358 2800 ecclefia
1377 2689 1521 2778 Latina
1524 2697 1698 2800 suerint.

773 2824 989 2906 'Dtxantr
1012 2846 1105 2902 vero
1128 2824 1331 2926 quispiam,
1355 2851 1487 2930 preces
1511 2830 1548 2905 in
1568 2827 1716 2909 ecclelia
1735 2829 1969 2909 sarnanum·

684 2953 796 3030 quam
812 2926 858 3004 ad
874 2925 1006 3002 Filium
1023 2921 1126 3002 fuisse
1145 2924 1321 3007 diresirs:
1356 2929 1433 3009 Aut
1455 2928 1556 3010 forte
1572 2931 1663 3010 tales
1678 2957 1809 3033 preces
1825 2956 1898 3033 pro
1913 2956 1969 3014 ca·

683 3032 913 3110 teclrumenis
936 3025 975 3103 dt
999 3029 1260 3122 poenitentibus
1281 3030 1316 3105 se
1347 3036 1476 3108 atatim
1493 3056 1572 3111 non
1584 3031 1795 3126 obtinuisse,
1821 3037 1875 3112 vti
1891 3035 1969 3135 quie

681 3129 819 3211 demin
835 3129 992 3226 liturgiis
1016 3125 1290 3226 Orientalibus,
1313 3054 1496 3226 diuinum
1517 3133 1564 3212 ab
1584 3135 1652 3214 illis
1674 3136 1864 3237 precibus,
1883 3159 1970 3236 quoe

620 3318 625 3329 .
681 3257 754 3338 pro
781 3228 954 3309 omnibus
980 3226 1176 3306 hominum
1197 3227 1408 3329 ordinibus,
1435 3257 1520 3313 cum
1541 3259 1625 3314 ante
1643 3232 1722 3315 rum
1742 3236 1828 3339 post
1844 3235 1968 3318 conse·

680 3337 887 3414 cretionem
913 3325 1155 3425 eucharistiae,
1191 3327 1273 3412 fieri
1294 3332 1469 3414 solebant.
1537 3337 1612 3416 Res
1630 3337 1783 3440 quidem
1810 3342 1968 3419 nonita
2060 3363 2063 3378 “

679 3429 775 3517 clara
798 3434 869 3535 est,
894 3433 1034 3526 fateor,=
1050 3435 1088 3510 in
1110 3429 1258 3511 ecclelia
1272 3440 1406 3530 imina,
1427 3438 1481 3516 vti
1504 3464 1585 3541 eam
1607 3441 1844 3526 instientali
1863 3437 1966 3517 fuisse

679 3535 945 3618 demonstraui:
968 3535 1015 3612 Et
1030 3533 1136 3633 quod
1150 3531 1399 3618 difficultatem
1413 3564 1458 3617 uu
1488 3564 1542 3633 et,
1565 3537 1641 3622 hoc
1656 3543 1728 3640 est,
1751 3543 1854 3644 quod
1868 3565 1962 3616 non·

663 3634 953 3716 nulliaustores
967 3634 1129 3711 indicare
1143 3636 1356 3733 videantur,
1382 3565 1488 3737 quod
1509 3643 1614 3724 stmul
1636 3667 1673 3722 at
1701 3669 1753 3730 uo
1767 3642 1889 3719 sermo
1913 3640 1962 3718 es·

680 3740 734 3818 set
753 3734 896 3822 linitus,
919 3733 1172 3812 catechumeni
1192 3734 1325 3813 dimiffi
1341 3738 1501 3842 suerint,
1526 3747 1564 3825 u
1579 3770 1658 3823 tum
1671 3671 1799 3821 fideles
1812 3741 1859 3818 ud
1879 3771 1963 3847 pre·

680 3864 741 3920 ces
756 3834 965 3913 anteritate
983 3832 1020 3911 se
1035 3837 1271 3917 contulerint.
1321 3848 1417 3940 soe,
1443 3848 1563 3945 inquit
1580 3861 1879 3937 ,svovsrru'vs
1906 3862 1963 3943 ¹¹),

674 3945 736 4047 post
746 3939 922 4032 samonem
936 3937 982 4030 fir
1000 3935 1088 4040 nu'ffir
1109 3939 1350 4024 catechumenis.
1402 3947 1580 4022 Manedum
1589 3947 1724 4041 fideles,
1749 3954 1898 4027 venietur
1919 3953 1965 4027 ad
2027 4023 2031 4028 .

677 4049 778 4120 locum
795 4047 959 4124 orationis,
1009 4043 1136 4119 Altare
1151 4041 1340 4145 intelligit,
1366 4047 1432 4124 vbi
1449 4052 1569 4127 oratio
1585 4046 1770 4129 dominica
1790 4074 1836 4130 ex
1853 4080 1964 4134 more

680 4171 983 4190 μ*-
1489 4174 1959 4198 -Μ

678 4285 680 4290 Α
720 4215 750 4290 l)
765 4212 874 4273 Contil.
892 4210 1027 4294 Carthng.
1041 4211 1092 4271 lll.
1112 4231 1128 4271 c
1148 4213 1249 4274 ΧΧΙΠ.
1265 4217 1306 4276 Vt
1346 4219 1484 4301 dirigatur
1502 4223 1604 4281 oratio.

677 4317 764 4361 nemo
784 4298 813 4354 irr
831 4294 955 4373 precibus
973 4301 1015 4356 vel
1032 4313 1138 4376 patrem
1155 4317 1207 4378 pro
1224 4300 1301 4378 filio,
1387 4306 1434 4384 m)
1457 4305 1523 4365 Vid.
1536 4305 1561 4384 §.
1577 4309 1645 4379 vll.
1664 4330 1730 4398 pag.
1744 4334 1797 4390 2¹7·
1831 4286 1840 4305 ⁰

676 4387 721 4447 uel
732 4376 820 4444 lilium
833 4397 882 4458 pro
902 4394 975 4446 parre
988 4387 1130 4442 nominer:
1159 4387 1197 4447 Er
1209 4405 1300 4467 quum
1382 4391 1421 4467 n)
1442 4392 1591 4476 Augustin.
1607 4396 1708 4461 homil
1721 4403 1941 4472 ccxxxvltd

675 4473 713 4537 aa
732 4473 817 4535 aune
834 4461 987 4545 adstslitur,
1013 4466 1121 4550 semper
1137 4471 1175 4537 rtl
1186 4487 1298 4558 patrem
1339 4484 1469 4560 cropore
1482 4481 1597 4588 {cmx
1610 4496 1705 4572 pm.
1940 4429 1965 4496 Q

1868 4575 1955 4657 aso·
