<?xml version="1.0" encoding="UTF-8"?>
<!DOCTYPE html PUBLIC "-//W3C//DTD XHTML 1.0 Transitional//EN"
    "http://www.w3.org/TR/xhtml1/DTD/xhtml1-transitional.dtd">
<html xmlns="http://www.w3.org/1999/xhtml" xml:lang="en" lang="en">
 <head>
  <title>
</title>
<meta http-equiv="Content-Type" content="text/html;charset=utf-8" />
  <meta name='ocr-system' content='tesseract 3.04.00' />
  <meta name='ocr-capabilities' content='ocr_page ocr_carea ocr_par ocr_line ocrx_word'/>
</head>
<body>
  <div class='ocr_page' id='page_1' title='image "./opervmquaeexsta01binggoog_0188.png"; bbox 0 0 4734 5442; ppageno 0'>
   <div class='ocr_carea' id='block_1_1' title="bbox 1415 349 1457 420">
    <p class='ocr_par' dir='ltr' id='par_1_1' title="bbox 1415 349 1457 420">
     <span class='ocr_line' id='line_1_1' title="bbox 1415 349 1457 420; baseline 0 -50"><span class='ocrx_word' id='word_1_1' title='bbox 1415 349 1457 420; x_wconf 67' lang='lat'>„,</span> 
     </span>
    </p>
   </div>
   <div class='ocr_carea' id='block_1_2' title="bbox 432 574 1545 662">
    <p class='ocr_par' dir='ltr' id='par_1_2' title="bbox 432 574 1545 662">
     <span class='ocr_line' id='line_1_2' title="bbox 432 574 1545 662; baseline -0.01 -17"><span class='ocrx_word' id='word_1_2' title='bbox 432 574 497 662; x_wconf 73' lang='lat'>168</span> <span class='ocrx_word' id='word_1_3' title='bbox 656 583 841 641; x_wconf 79' lang='lat' dir='ltr'>orreruurr</span> <span class='ocrx_word' id='word_1_4' title='bbox 866 581 1197 634; x_wconf 77' lang='lat' dir='ltr'>accresrrsrrcmuu</span> <span class='ocrx_word' id='word_1_5' title='bbox 1224 583 1545 643; x_wconf 67' lang='lat' dir='ltr'>annueram.</span> 
     </span>
    </p>
   </div>
   <div class='ocr_carea' id='block_1_3' title="bbox 439 687 1725 721">
    <p class='ocr_par' dir='ltr' id='par_1_3' title="bbox 439 687 1725 721">
     <span class='ocr_line' id='line_1_3' title="bbox 439 687 1725 721; baseline -0.009 0"><span class='ocrx_word' id='word_1_6' title='bbox 439 687 1117 721; x_wconf 59' lang='lat' dir='ltr'>m——m</span> <span class='ocrx_word' id='word_1_7' title='bbox 1455 691 1725 712; x_wconf 51' lang='grc' dir='ltr'>-υα--ιι-ω</span> 
     </span>
    </p>
   </div>
   <div class='ocr_carea' id='block_1_4' title="bbox 393 736 1813 2349">
    <p class='ocr_par' dir='ltr' id='par_1_4' title="bbox 393 736 1813 2349">
     <span class='ocr_line' id='line_1_4' title="bbox 436 736 1728 837; baseline -0.008 -10"><span class='ocrx_word' id='word_1_8' title='bbox 436 750 484 827; x_wconf 87' lang='lat' dir='ltr'>ad</span> <span class='ocrx_word' id='word_1_9' title='bbox 503 749 553 824; x_wconf 87' lang='lat' dir='ltr'>sul</span> <span class='ocrx_word' id='word_1_10' title='bbox 575 742 856 831; x_wconf 82' lang='lat' dir='ltr'>aedificationem</span> <span class='ocrx_word' id='word_1_11' title='bbox 878 736 1036 816; x_wconf 90' lang='lat' dir='ltr'>audiant.</span> <span class='ocrx_word' id='word_1_12' title='bbox 1088 738 1183 812; x_wconf 91' lang='lat' dir='ltr'>Non</span> <span class='ocrx_word' id='word_1_13' title='bbox 1207 761 1329 814; x_wconf 86' lang='lat' dir='ltr'>autem</span> <span class='ocrx_word' id='word_1_14' title='bbox 1354 740 1392 811; x_wconf 89' lang='lat' dir='ltr'>ln</span> <span class='ocrx_word' id='word_1_15' title='bbox 1414 742 1581 837; x_wconf 89' lang='lat' dir='ltr'>quolibet</span> <span class='ocrx_word' id='word_1_16' title='bbox 1606 747 1728 819; x_wconf 88' lang='lat' dir='ltr'>conci·</span> 
     </span>
     <span class='ocr_line' id='line_1_5' title="bbox 436 836 1732 943; baseline -0.006 -16"><span class='ocrx_word' id='word_1_17' title='bbox 436 849 594 927; x_wconf 78' lang='lat' dir='ltr'>ona&#39;tore</span> <span class='ocrx_word' id='word_1_18' title='bbox 617 864 860 921; x_wconf 78' lang='lat' dir='ltr'>rsocuarts</span> <span class='ocrx_word' id='word_1_19' title='bbox 878 837 994 918; x_wconf 85' lang='lat' dir='ltr'>tersus</span> <span class='ocrx_word' id='word_1_20' title='bbox 1010 836 1145 924; x_wconf 83' lang='lat' dir='ltr'>laeuor,</span> <span class='ocrx_word' id='word_1_21' title='bbox 1160 861 1410 916; x_wconf 71' lang='lat' dir='ltr'>unitosrttu</span> <span class='ocrx_word' id='word_1_22' title='bbox 1423 864 1494 917; x_wconf 79' lang='lat' dir='ltr'>urs</span> <span class='ocrx_word' id='word_1_23' title='bbox 1517 847 1637 943; x_wconf 89' lang='lat' dir='ltr'>ampla</span> <span class='ocrx_word' id='word_1_24' title='bbox 1654 845 1732 919; x_wconf 90' lang='lat' dir='ltr'>sub·</span> 
     </span>
     <span class='ocr_line' id='line_1_6' title="bbox 436 935 1732 1040; baseline -0.004 -14"><span class='ocrx_word' id='word_1_25' title='bbox 436 949 588 1040; x_wconf 85' lang='lat' dir='ltr'>limitas,</span> <span class='ocrx_word' id='word_1_26' title='bbox 612 966 900 1027; x_wconf 79' lang='lat' dir='ltr'>uttvcuorurs</span> <span class='ocrx_word' id='word_1_27' title='bbox 920 935 1083 1017; x_wconf 89' lang='lat' dir='ltr'>verenda</span> <span class='ocrx_word' id='word_1_28' title='bbox 1098 937 1279 1029; x_wconf 88' lang='lat' dir='ltr'>maiestas,</span> <span class='ocrx_word' id='word_1_29' title='bbox 1305 963 1535 1020; x_wconf 80' lang='lat' dir='ltr'>rrarortts</span> <span class='ocrx_word' id='word_1_30' title='bbox 1551 946 1732 1021; x_wconf 87' lang='lat' dir='ltr'>excellens</span> 
     </span>
     <span class='ocr_line' id='line_1_7' title="bbox 438 1038 1730 1150; baseline -0.001 -27"><span class='ocrx_word' id='word_1_31' title='bbox 438 1049 599 1150; x_wconf 83' lang='lat' dir='ltr'>dignitas</span> <span class='ocrx_word' id='word_1_32' title='bbox 617 1046 888 1144; x_wconf 84' lang='lat' dir='ltr'>requirebatur,</span> <span class='ocrx_word' id='word_1_33' title='bbox 915 1061 956 1116; x_wconf 87' lang='lat' dir='ltr'>vt</span> <span class='ocrx_word' id='word_1_34' title='bbox 976 1038 1078 1113; x_wconf 86' lang='lat' dir='ltr'>idem</span> <span class='ocrx_word' id='word_1_35' title='bbox 1097 1060 1471 1118; x_wconf 81' lang='lat' dir='ltr'>cnursosronvs</span> <span class='ocrx_word' id='word_1_36' title='bbox 1494 1053 1529 1133; x_wconf 77' lang='lat' dir='ltr'>r)</span> <span class='ocrx_word' id='word_1_37' title='bbox 1554 1044 1730 1143; x_wconf 67' lang='lat' dir='ltr'>loquitur.¹</span> 
     </span>
     <span class='ocr_line' id='line_1_8' title="bbox 393 1137 1729 1253; baseline 0.001 -32"><span class='ocrx_word' id='word_1_38' title='bbox 393 1199 395 1204; x_wconf 89' lang='lat'>-</span> <span class='ocrx_word' id='word_1_39' title='bbox 423 1149 519 1253; x_wconf 93' lang='lat' dir='ltr'>Qi</span> <span class='ocrx_word' id='word_1_40' title='bbox 536 1152 656 1226; x_wconf 89' lang='lat' dir='ltr'>minus</span> <span class='ocrx_word' id='word_1_41' title='bbox 676 1147 892 1240; x_wconf 86' lang='lat' dir='ltr'>eloquenter</span> <span class='ocrx_word' id='word_1_42' title='bbox 907 1137 1061 1230; x_wconf 82' lang='lat' dir='ltr'>dixerit,</span> <span class='ocrx_word' id='word_1_43' title='bbox 1088 1160 1173 1212; x_wconf 91' lang='lat' dir='ltr'>eum</span> <span class='ocrx_word' id='word_1_44' title='bbox 1198 1160 1320 1213; x_wconf 90' lang='lat' dir='ltr'>tamen</span> <span class='ocrx_word' id='word_1_45' title='bbox 1344 1139 1607 1221; x_wconf 78' lang='lat' dir='ltr'>delesiaturum</span> <span class='ocrx_word' id='word_1_46' title='bbox 1631 1145 1729 1222; x_wconf 85' lang='lat' dir='ltr'>audl-</span> 
     </span>
     <span class='ocr_line' id='line_1_9' title="bbox 396 1236 1731 1340; baseline -0.004 -13"><span class='ocrx_word' id='word_1_47' title='bbox 396 1315 409 1340; x_wconf 85' lang='lat'>,</span> <span class='ocrx_word' id='word_1_48' title='bbox 438 1269 542 1328; x_wconf 87' lang='lat' dir='ltr'>tutes</span> <span class='ocrx_word' id='word_1_49' title='bbox 558 1248 660 1334; x_wconf 89' lang='lat' dir='ltr'>suos,</span> <span class='ocrx_word' id='word_1_50' title='bbox 677 1241 845 1318; x_wconf 84' lang='lat' dir='ltr'>adfirmat</span> <span class='ocrx_word' id='word_1_51' title='bbox 870 1261 1050 1316; x_wconf 80' lang='lat' dir='ltr'>avevsu</span> <span class='ocrx_word' id='word_1_52' title='bbox 1062 1236 1412 1327; x_wconf 74' lang='lat' dir='ltr'>ruvs,dummodo</span> <span class='ocrx_word' id='word_1_53' title='bbox 1431 1267 1647 1336; x_wconf 87' lang='lat' dir='ltr'>communes</span> <span class='ocrx_word' id='word_1_54' title='bbox 1658 1248 1731 1323; x_wconf 88' lang='lat' dir='ltr'>elo·</span> 
     </span>
     <span class='ocr_line' id='line_1_10' title="bbox 440 1335 1731 1446; baseline -0.002 -22"><span class='ocrx_word' id='word_1_55' title='bbox 440 1350 602 1446; x_wconf 86' lang='lat' dir='ltr'>quentiae</span> <span class='ocrx_word' id='word_1_56' title='bbox 620 1345 768 1445; x_wconf 83' lang='lat' dir='ltr'>regulas</span> <span class='ocrx_word' id='word_1_57' title='bbox 785 1340 975 1432; x_wconf 89' lang='lat' dir='ltr'>obseruet,</span> <span class='ocrx_word' id='word_1_58' title='bbox 990 1357 1031 1410; x_wconf 91' lang='lat' dir='ltr'>vt</span> <span class='ocrx_word' id='word_1_59' title='bbox 1048 1336 1139 1413; x_wconf 88' lang='lat' dir='ltr'>nihil</span> <span class='ocrx_word' id='word_1_60' title='bbox 1153 1335 1280 1436; x_wconf 64' lang='lat' dir='ltr'>obtule,</span> <span class='ocrx_word' id='word_1_61' title='bbox 1296 1337 1654 1444; x_wconf 65' lang='lat' dir='ltr'>desae-rnirer,srigide;</span> <span class='ocrx_word' id='word_1_62' title='bbox 1669 1346 1731 1424; x_wconf 86' lang='lat' dir='ltr'>sed</span> 
     </span>
     <span class='ocr_line' id='line_1_11' title="bbox 439 1437 1731 1550; baseline -0.002 -28"><span class='ocrx_word' id='word_1_63' title='bbox 439 1450 565 1525; x_wconf 88' lang='lat' dir='ltr'>omnia</span> <span class='ocrx_word' id='word_1_64' title='bbox 579 1467 685 1535; x_wconf 82' lang='lat' dir='ltr'>acute,</span> <span class='ocrx_word' id='word_1_65' title='bbox 699 1464 827 1534; x_wconf 80' lang='lat' dir='ltr'>ornate,</span> <span class='ocrx_word' id='word_1_66' title='bbox 841 1442 1041 1515; x_wconf 78' lang='lat' dir='ltr'>vehementer</span> <span class='ocrx_word' id='word_1_67' title='bbox 1051 1437 1173 1513; x_wconf 75' lang='lat' dir='ltr'>‘dicatz</span> <span class='ocrx_word' id='word_1_68' title='bbox 1207 1439 1306 1537; x_wconf 78' lang='lat' dir='ltr'>Qae</span> <span class='ocrx_word' id='word_1_69' title='bbox 1322 1463 1409 1513; x_wconf 76' lang='lat' dir='ltr'>avc</span> <span class='ocrx_word' id='word_1_70' title='bbox 1420 1465 1468 1516; x_wconf 91' lang='lat' dir='ltr'>vs</span> <span class='ocrx_word' id='word_1_71' title='bbox 1478 1468 1501 1516; x_wconf 87' lang='lat' dir='ltr'>T</span> <span class='ocrx_word' id='word_1_72' title='bbox 1512 1472 1577 1520; x_wconf 61' lang='lat' dir='ltr'>rut</span> <span class='ocrx_word' id='word_1_73' title='bbox 1594 1451 1731 1550; x_wconf 65' lang='lat' dir='ltr'>regulae</span> 
     </span>
     <span class='ocr_line' id='line_1_12' title="bbox 441 1537 1733 1645; baseline 0.002 -22"><span class='ocrx_word' id='word_1_74' title='bbox 441 1558 469 1638; x_wconf 80' lang='lat'>⁵)</span> <span class='ocrx_word' id='word_1_75' title='bbox 490 1548 535 1623; x_wconf 92' lang='lat' dir='ltr'>in</span> <span class='ocrx_word' id='word_1_76' title='bbox 554 1546 629 1634; x_wconf 86' lang='lat' dir='ltr'>hoc</span> <span class='ocrx_word' id='word_1_77' title='bbox 655 1545 737 1645; x_wconf 86' lang='lat' dir='ltr'>ipio</span> <span class='ocrx_word' id='word_1_78' title='bbox 763 1545 918 1643; x_wconf 85' lang='lat' dir='ltr'>negotio</span> <span class='ocrx_word' id='word_1_79' title='bbox 944 1540 1035 1618; x_wconf 88' lang='lat' dir='ltr'>sunt.</span> <span class='ocrx_word' id='word_1_80' title='bbox 1100 1537 1150 1611; x_wconf 78' lang='lat' dir='ltr'>si</span> <span class='ocrx_word' id='word_1_81' title='bbox 1181 1540 1264 1634; x_wconf 91' lang='lat' dir='ltr'>quis</span> <span class='ocrx_word' id='word_1_82' title='bbox 1288 1537 1334 1614; x_wconf 86' lang='lat' dir='ltr'>ad</span> <span class='ocrx_word' id='word_1_83' title='bbox 1359 1539 1454 1618; x_wconf 87' lang='lat' dir='ltr'>hanc</span> <span class='ocrx_word' id='word_1_84' title='bbox 1480 1549 1634 1622; x_wconf 83' lang='lat' dir='ltr'>exotlcae</span> <span class='ocrx_word' id='word_1_85' title='bbox 1659 1553 1733 1627; x_wconf 89' lang='lat' dir='ltr'>elo·</span> 
     </span>
     <span class='ocr_line' id='line_1_13' title="bbox 412 1639 1813 1748; baseline 0.001 -24"><span class='ocrx_word' id='word_1_86' title='bbox 412 1739 414 1743; x_wconf 13' lang='grc' dir='ltr'>ι</span> <span class='ocrx_word' id='word_1_87' title='bbox 443 1650 606 1748; x_wconf 81' lang='lat' dir='ltr'>quentiae</span> <span class='ocrx_word' id='word_1_88' title='bbox 620 1644 890 1746; x_wconf 77' lang='lat' dir='ltr'>perfesiionem</span> <span class='ocrx_word' id='word_1_89' title='bbox 907 1642 1122 1742; x_wconf 85' lang='lat' dir='ltr'>pertingere</span> <span class='ocrx_word' id='word_1_90' title='bbox 1138 1661 1219 1718; x_wconf 88' lang='lat' dir='ltr'>non</span> <span class='ocrx_word' id='word_1_91' title='bbox 1238 1639 1391 1731; x_wconf 86' lang='lat' dir='ltr'>valebat,</span> <span class='ocrx_word' id='word_1_92' title='bbox 1408 1659 1485 1718; x_wconf 88' lang='lat' dir='ltr'>erat</span> <span class='ocrx_word' id='word_1_93' title='bbox 1499 1647 1615 1722; x_wconf 87' lang='lat' dir='ltr'>virilis</span> <span class='ocrx_word' id='word_1_94' title='bbox 1633 1676 1732 1746; x_wconf 82' lang='lat' dir='ltr'>quae-</span> <span class='ocrx_word' id='word_1_95' title='bbox 1809 1721 1813 1726; x_wconf 90' lang='lat'><em>.</em></span> 
     </span>
     <span class='ocr_line' id='line_1_14' title="bbox 442 1739 1732 1845; baseline -0.002 -18"><span class='ocrx_word' id='word_1_96' title='bbox 442 1750 531 1832; x_wconf 89' lang='lat' dir='ltr'>dam</span> <span class='ocrx_word' id='word_1_97' title='bbox 557 1748 596 1824; x_wconf 80' lang='lat' dir='ltr'>dt</span> <span class='ocrx_word' id='word_1_98' title='bbox 630 1744 846 1822; x_wconf 85' lang='lat' dir='ltr'>maiestatica</span> <span class='ocrx_word' id='word_1_99' title='bbox 870 1743 1099 1840; x_wconf 89' lang='lat' dir='ltr'>eloquentia,</span> <span class='ocrx_word' id='word_1_100' title='bbox 1131 1761 1243 1834; x_wconf 86' lang='lat' dir='ltr'>atque</span> <span class='ocrx_word' id='word_1_101' title='bbox 1274 1763 1332 1816; x_wconf 84' lang='lat' dir='ltr'>ars</span> <span class='ocrx_word' id='word_1_102' title='bbox 1360 1739 1506 1817; x_wconf 91' lang='lat' dir='ltr'>dicendi</span> <span class='ocrx_word' id='word_1_103' title='bbox 1532 1746 1732 1845; x_wconf 86' lang='lat' dir='ltr'>sapienter,</span> 
     </span>
     <span class='ocr_line' id='line_1_15' title="bbox 443 1837 1734 1947; baseline -0.005 -23"><span class='ocrx_word' id='word_1_104' title='bbox 443 1846 519 1947; x_wconf 88' lang='lat' dir='ltr'>qua</span> <span class='ocrx_word' id='word_1_105' title='bbox 535 1871 659 1924; x_wconf 89' lang='lat' dir='ltr'>carere</span> <span class='ocrx_word' id='word_1_106' title='bbox 675 1847 819 1924; x_wconf 91' lang='lat' dir='ltr'>illinon</span> <span class='ocrx_word' id='word_1_107' title='bbox 845 1860 1049 1943; x_wconf 83' lang='lat' dir='ltr'>poterant,¹</span> <span class='ocrx_word' id='word_1_108' title='bbox 1061 1862 1161 1943; x_wconf 90' lang='lat' dir='ltr'>quos</span> <span class='ocrx_word' id='word_1_109' title='bbox 1178 1837 1334 1919; x_wconf 86' lang='lat' dir='ltr'>studium</span> <span class='ocrx_word' id='word_1_110' title='bbox 1348 1842 1398 1923; x_wconf 75' lang='lat' dir='ltr'>—or</span> <span class='ocrx_word' id='word_1_111' title='bbox 1411 1867 1566 1943; x_wconf 89' lang='lat' dir='ltr'>operam</span> <span class='ocrx_word' id='word_1_112' title='bbox 1582 1846 1679 1924; x_wconf 85' lang='lat' dir='ltr'>suam</span> <span class='ocrx_word' id='word_1_113' title='bbox 1697 1853 1734 1926; x_wconf 83' lang='lat' dir='ltr'>in</span> 
     </span>
     <span class='ocr_line' id='line_1_16' title="bbox 442 1939 1730 2044; baseline -0.002 -16"><span class='ocrx_word' id='word_1_114' title='bbox 442 1951 553 2030; x_wconf 84' lang='lat' dir='ltr'>sacris</span> <span class='ocrx_word' id='word_1_115' title='bbox 575 1945 762 2044; x_wconf 89' lang='lat' dir='ltr'>scripturis</span> <span class='ocrx_word' id='word_1_116' title='bbox 780 1966 923 2044; x_wconf 88' lang='lat' dir='ltr'>ponere</span> <span class='ocrx_word' id='word_1_117' title='bbox 943 1940 1098 2017; x_wconf 89' lang='lat' dir='ltr'>iuuabat.</span> <span class='ocrx_word' id='word_1_118' title='bbox 1169 1945 1212 2015; x_wconf 93' lang='lat' dir='ltr'>In</span> <span class='ocrx_word' id='word_1_119' title='bbox 1230 1939 1414 2022; x_wconf 82' lang='lat' dir='ltr'>illisenim</span> <span class='ocrx_word' id='word_1_120' title='bbox 1433 1967 1492 2022; x_wconf 88' lang='lat' dir='ltr'>res</span> <span class='ocrx_word' id='word_1_121' title='bbox 1519 1972 1596 2022; x_wconf 94' lang='lat' dir='ltr'>non</span> <span class='ocrx_word' id='word_1_122' title='bbox 1614 1949 1730 2025; x_wconf 91' lang='lat' dir='ltr'>solum</span> 
     </span>
     <span class='ocr_line' id='line_1_17' title="bbox 424 2038 1733 2148; baseline 0.002 -26"><span class='ocrx_word' id='word_1_123' title='bbox 424 2070 589 2148; x_wconf 78' lang='lat' dir='ltr'>magne</span> <span class='ocrx_word' id='word_1_124' title='bbox 620 2049 658 2123; x_wconf 80' lang='lat' dir='ltr'>dt</span> <span class='ocrx_word' id='word_1_125' title='bbox 680 2045 814 2121; x_wconf 80' lang='lat' dir='ltr'>diuinae</span> <span class='ocrx_word' id='word_1_126' title='bbox 841 2043 940 2126; x_wconf 90' lang='lat' dir='ltr'>sunt,</span> <span class='ocrx_word' id='word_1_127' title='bbox 963 2038 1025 2117; x_wconf 90' lang='lat' dir='ltr'>sed</span> <span class='ocrx_word' id='word_1_128' title='bbox 1054 2038 1164 2115; x_wconf 78' lang='lat' dir='ltr'>diilio</span> <span class='ocrx_word' id='word_1_129' title='bbox 1181 2041 1290 2117; x_wconf 89' lang='lat' dir='ltr'>etiam</span> <span class='ocrx_word' id='word_1_130' title='bbox 1321 2044 1560 2144; x_wconf 82' lang='lat' dir='ltr'>eloquens&amp;</span> <span class='ocrx_word' id='word_1_131' title='bbox 1585 2070 1733 2142; x_wconf 87' lang='lat' dir='ltr'>ornata,</span> 
     </span>
     <span class='ocr_line' id='line_1_18' title="bbox 431 2133 1736 2248; baseline 0.001 -24"><span class='ocrx_word' id='word_1_132' title='bbox 431 2153 433 2158; x_wconf 84' lang='grc'><strong>’</strong></span> <span class='ocrx_word' id='word_1_133' title='bbox 474 2145 764 2224; x_wconf 90' lang='lat' dir='ltr'>uemadmodum</span> <span class='ocrx_word' id='word_1_134' title='bbox 788 2163 1084 2223; x_wconf 77' lang='lat' dir='ltr'>eveusuruvs</span> <span class='ocrx_word' id='word_1_135' title='bbox 1106 2140 1141 2237; x_wconf 64' lang='grc' dir='ltr'>τ)</span> <span class='ocrx_word' id='word_1_136' title='bbox 1163 2142 1201 2216; x_wconf 90' lang='lat' dir='ltr'>in</span> <span class='ocrx_word' id='word_1_137' title='bbox 1220 2139 1370 2220; x_wconf 72' lang='lat' dir='ltr'>diuersis</span> <span class='ocrx_word' id='word_1_138' title='bbox 1385 2148 1565 2245; x_wconf 86' lang='lat' dir='ltr'>exemplis</span> <span class='ocrx_word' id='word_1_139' title='bbox 1588 2133 1634 2224; x_wconf 80' lang='lat' dir='ltr'>eit</span> <span class='ocrx_word' id='word_1_140' title='bbox 1648 2173 1736 2248; x_wconf 89' lang='lat' dir='ltr'>apo·</span> 
     </span>
     <span class='ocr_line' id='line_1_19' title="bbox 443 2174 1737 2349; baseline -0.002 -24"><span class='ocrx_word' id='word_1_141' title='bbox 443 2174 627 2334; x_wconf 62' lang='lat' dir='ltr'>fleturum</span> <span class='ocrx_word' id='word_1_142' title='bbox 651 2247 688 2324; x_wconf 79' lang='lat' dir='ltr'>dr</span> <span class='ocrx_word' id='word_1_143' title='bbox 706 2244 974 2345; x_wconf 86' lang='lat' dir='ltr'>prophetarum</span> <span class='ocrx_word' id='word_1_144' title='bbox 995 2242 1137 2338; x_wconf 85' lang='lat' dir='ltr'>scriptis</span> <span class='ocrx_word' id='word_1_145' title='bbox 1160 2238 1338 2330; x_wconf 89' lang='lat' dir='ltr'>ostendit;</span> <span class='ocrx_word' id='word_1_146' title='bbox 1358 2241 1462 2322; x_wconf 83' lang='lat' dir='ltr'>lilius</span> <span class='ocrx_word' id='word_1_147' title='bbox 1478 2246 1517 2337; x_wconf 80' lang='lat' dir='ltr'>in</span> <span class='ocrx_word' id='word_1_148' title='bbox 1537 2248 1607 2323; x_wconf 87' lang='lat' dir='ltr'>illis</span> <span class='ocrx_word' id='word_1_149' title='bbox 1632 2273 1737 2349; x_wconf 88' lang='lat' dir='ltr'>repe·</span> 
     </span>
    </p>
   </div>
   <div class='ocr_carea' id='block_1_5' title="bbox 306 2341 1735 2448">
    <p class='ocr_par' dir='ltr' id='par_1_5' title="bbox 306 2341 1735 2448">
     <span class='ocr_line' id='line_1_20' title="bbox 306 2341 1735 2448; baseline -0.001 -24"><span class='ocrx_word' id='word_1_150' title='bbox 306 2373 308 2378; x_wconf 90' lang='lat'>·</span> <span class='ocrx_word' id='word_1_151' title='bbox 423 2440 426 2444; x_wconf 21' lang='grc' dir='ltr'>Ι</span> <span class='ocrx_word' id='word_1_152' title='bbox 443 2351 538 2433; x_wconf 77' lang='lat' dir='ltr'>titur</span> <span class='ocrx_word' id='word_1_153' title='bbox 562 2373 642 2424; x_wconf 92' lang='lat' dir='ltr'>non</span> <span class='ocrx_word' id='word_1_154' title='bbox 660 2345 867 2421; x_wconf 88' lang='lat' dir='ltr'>iuueniliter</span> <span class='ocrx_word' id='word_1_155' title='bbox 893 2342 1106 2416; x_wconf 84' lang='lat' dir='ltr'>luxuriantis</span> <span class='ocrx_word' id='word_1_156' title='bbox 1128 2341 1390 2424; x_wconf 81' lang='lat' dir='ltr'>&amp;exsultantis</span> <span class='ocrx_word' id='word_1_157' title='bbox 1410 2346 1551 2444; x_wconf 87' lang='lat' dir='ltr'>ingenii</span> <span class='ocrx_word' id='word_1_158' title='bbox 1574 2350 1667 2448; x_wconf 93' lang='lat' dir='ltr'>(qui</span> <span class='ocrx_word' id='word_1_159' title='bbox 1684 2351 1735 2423; x_wconf 87' lang='lat' dir='ltr'>vi·</span> 
     </span>
    </p>
   </div>
   <div class='ocr_carea' id='block_1_6' title="bbox 393 2436 1741 3745">
    <p class='ocr_par' dir='ltr' id='par_1_6' title="bbox 393 2436 1741 3745">
     <span class='ocr_line' id='line_1_21' title="bbox 446 2436 1737 2560; baseline 0.006 -40"><span class='ocrx_word' id='word_1_160' title='bbox 446 2447 554 2527; x_wconf 85' lang='lat' dir='ltr'>rilem</span> <span class='ocrx_word' id='word_1_161' title='bbox 577 2446 825 2544; x_wconf 87' lang='lat' dir='ltr'>eloquentiam</span> <span class='ocrx_word' id='word_1_162' title='bbox 847 2442 969 2518; x_wconf 89' lang='lat' dir='ltr'>minus</span> <span class='ocrx_word' id='word_1_163' title='bbox 995 2438 1166 2536; x_wconf 83' lang='lat' dir='ltr'>deceret)</span> <span class='ocrx_word' id='word_1_164' title='bbox 1192 2436 1252 2515; x_wconf 83' lang='lat' dir='ltr'>sed</span> <span class='ocrx_word' id='word_1_165' title='bbox 1277 2446 1342 2544; x_wconf 90' lang='lat' dir='ltr'>qui</span> <span class='ocrx_word' id='word_1_166' title='bbox 1364 2441 1535 2560; x_wconf 81' lang='lat' dir='ltr'>dignitati</span> <span class='ocrx_word' id='word_1_167' title='bbox 1548 2473 1593 2524; x_wconf 84' lang='lat' dir='ltr'>ac</span> <span class='ocrx_word' id='word_1_168' title='bbox 1615 2448 1737 2529; x_wconf 73' lang='lat' dir='ltr'>ausin·</span> 
     </span>
     <span class='ocr_line' id='line_1_22' title="bbox 447 2538 1737 2648; baseline 0.004 -27"><span class='ocrx_word' id='word_1_169' title='bbox 447 2544 547 2626; x_wconf 79' lang='lat' dir='ltr'>‘ritati</span> <span class='ocrx_word' id='word_1_170' title='bbox 560 2544 734 2620; x_wconf 84' lang='lat' dir='ltr'>diuinitus</span> <span class='ocrx_word' id='word_1_171' title='bbox 759 2539 1022 2640; x_wconf 90' lang='lat' dir='ltr'>inspiratorum</span> <span class='ocrx_word' id='word_1_172' title='bbox 1041 2538 1236 2617; x_wconf 72' lang='lat' dir='ltr'>austorum</span> <span class='ocrx_word' id='word_1_173' title='bbox 1256 2565 1448 2642; x_wconf 76' lang='lat' dir='ltr'>congruit,</span> <span class='ocrx_word' id='word_1_174' title='bbox 1474 2548 1538 2642; x_wconf 90' lang='lat' dir='ltr'>qui</span> <span class='ocrx_word' id='word_1_175' title='bbox 1558 2548 1737 2648; x_wconf 85' lang='lat' dir='ltr'>eloquen-</span> 
     </span>
     <span class='ocr_line' id='line_1_23' title="bbox 446 2639 1737 2744; baseline 0.006 -25"><span class='ocrx_word' id='word_1_176' title='bbox 446 2647 498 2744; x_wconf 80' lang='lat' dir='ltr'>tia</span> <span class='ocrx_word' id='word_1_177' title='bbox 517 2644 665 2741; x_wconf 90' lang='lat' dir='ltr'>loquuti</span> <span class='ocrx_word' id='word_1_178' title='bbox 689 2641 789 2726; x_wconf 88' lang='lat' dir='ltr'>sunt,</span> <span class='ocrx_word' id='word_1_179' title='bbox 815 2662 893 2716; x_wconf 90' lang='lat' dir='ltr'>tum</span> <span class='ocrx_word' id='word_1_180' title='bbox 914 2639 1014 2739; x_wconf 86' lang='lat' dir='ltr'>ipsos</span> <span class='ocrx_word' id='word_1_181' title='bbox 1035 2663 1112 2716; x_wconf 88' lang='lat' dir='ltr'>tum</span> <span class='ocrx_word' id='word_1_182' title='bbox 1136 2663 1196 2720; x_wconf 90' lang='lat' dir='ltr'>res</span> <span class='ocrx_word' id='word_1_183' title='bbox 1215 2640 1383 2739; x_wconf 88' lang='lat' dir='ltr'>ipsorum</span> <span class='ocrx_word' id='word_1_184' title='bbox 1400 2646 1573 2737; x_wconf 77' lang='lat' dir='ltr'>decente3</span> <span class='ocrx_word' id='word_1_185' title='bbox 1599 2653 1660 2730; x_wconf 86' lang='lat' dir='ltr'>tali</span> <span class='ocrx_word' id='word_1_186' title='bbox 1683 2653 1737 2727; x_wconf 90' lang='lat' dir='ltr'>vi·</span> 
     </span>
     <span class='ocr_line' id='line_1_24' title="bbox 447 2738 1736 2845; baseline -0.002 -31"><span class='ocrx_word' id='word_1_187' title='bbox 447 2744 599 2834; x_wconf 79' lang='lat' dir='ltr'>delicet,</span> <span class='ocrx_word' id='word_1_188' title='bbox 623 2766 707 2844; x_wconf 85' lang='lat' dir='ltr'>quae</span> <span class='ocrx_word' id='word_1_189' title='bbox 728 2739 954 2817; x_wconf 86' lang='lat' dir='ltr'>summorum</span> <span class='ocrx_word' id='word_1_190' title='bbox 975 2738 1229 2840; x_wconf 68' lang='lat' dir='ltr'>sepenumero</span> <span class='ocrx_word' id='word_1_191' title='bbox 1243 2766 1437 2822; x_wconf 87' lang='lat' dir='ltr'>oratorum</span> <span class='ocrx_word' id='word_1_192' title='bbox 1454 2748 1666 2845; x_wconf 85' lang='lat' dir='ltr'>eloquentia</span> <span class='ocrx_word' id='word_1_193' title='bbox 1682 2754 1736 2827; x_wconf 91' lang='lat' dir='ltr'>ni.</span> 
     </span>
     <span class='ocr_line' id='line_1_25' title="bbox 451 2837 1741 2943; baseline -0.003 -13"><span class='ocrx_word' id='word_1_194' title='bbox 451 2846 531 2930; x_wconf 76' lang='lat' dir='ltr'>hilo</span> <span class='ocrx_word' id='word_1_195' title='bbox 545 2843 701 2926; x_wconf 79' lang='lat' dir='ltr'>inferior</span> <span class='ocrx_word' id='word_1_196' title='bbox 717 2842 784 2938; x_wconf 91' lang='lat' dir='ltr'>est,</span> <span class='ocrx_word' id='word_1_197' title='bbox 810 2838 877 2919; x_wconf 88' lang='lat' dir='ltr'>sed-</span> <span class='ocrx_word' id='word_1_198' title='bbox 891 2837 1065 2918; x_wconf 77' lang='lat' dir='ltr'>soliditate</span> <span class='ocrx_word' id='word_1_199' title='bbox 1082 2841 1120 2922; x_wconf 78' lang='grc' dir='ltr'>ὅ(</span> <span class='ocrx_word' id='word_1_200' title='bbox 1138 2840 1313 2941; x_wconf 85' lang='lat' dir='ltr'>supientia</span> <span class='ocrx_word' id='word_1_201' title='bbox 1328 2843 1387 2918; x_wconf 86' lang='lat' dir='ltr'>sua</span> <span class='ocrx_word' id='word_1_202' title='bbox 1409 2842 1518 2943; x_wconf 85' lang='lat' dir='ltr'>(quae</span> <span class='ocrx_word' id='word_1_203' title='bbox 1538 2873 1629 2926; x_wconf 87' lang='lat' dir='ltr'>vere</span> <span class='ocrx_word' id='word_1_204' title='bbox 1652 2851 1741 2926; x_wconf 91' lang='lat' dir='ltr'>diui·</span> 
     </span>
     <span class='ocr_line' id='line_1_26' title="bbox 448 2941 1739 3047; baseline -0.001 -19"><span class='ocrx_word' id='word_1_205' title='bbox 448 2971 497 3028; x_wconf 86' lang='lat' dir='ltr'>ua</span> <span class='ocrx_word' id='word_1_206' title='bbox 528 2945 576 3024; x_wconf 89' lang='lat' dir='ltr'>est</span> <span class='ocrx_word' id='word_1_207' title='bbox 602 2942 836 3042; x_wconf 88' lang='lat' dir='ltr'>eloquentia)</span> <span class='ocrx_word' id='word_1_208' title='bbox 859 2942 975 3043; x_wconf 85' lang='lat' dir='ltr'>longe</span> <span class='ocrx_word' id='word_1_209' title='bbox 1002 2967 1083 3020; x_wconf 88' lang='lat' dir='ltr'>eam</span> <span class='ocrx_word' id='word_1_210' title='bbox 1105 2941 1336 3019; x_wconf 83' lang='lat' dir='ltr'>transcendit.</span> <span class='ocrx_word' id='word_1_211' title='bbox 1420 2943 1587 3024; x_wconf 86' lang='lat' dir='ltr'>Proinde</span> <span class='ocrx_word' id='word_1_212' title='bbox 1609 2952 1673 3047; x_wconf 91' lang='lat' dir='ltr'>qui</span> <span class='ocrx_word' id='word_1_213' title='bbox 1700 2954 1739 3028; x_wconf 94' lang='lat' dir='ltr'>in</span> 
     </span>
     <span class='ocr_line' id='line_1_27' title="bbox 450 3041 1738 3162; baseline 0.005 -46"><span class='ocrx_word' id='word_1_214' title='bbox 450 3045 575 3162; x_wconf 74' lang='lat' dir='ltr'>phrasi</span> <span class='ocrx_word' id='word_1_215' title='bbox 591 3041 744 3130; x_wconf 86' lang='lat' dir='ltr'>&amp;sensu</span> <span class='ocrx_word' id='word_1_216' title='bbox 762 3041 1024 3138; x_wconf 87' lang='lat' dir='ltr'>scripturarum</span> <span class='ocrx_word' id='word_1_217' title='bbox 1044 3043 1143 3117; x_wconf 89' lang='lat' dir='ltr'>bene</span> <span class='ocrx_word' id='word_1_218' title='bbox 1155 3041 1288 3117; x_wconf 87' lang='lat' dir='ltr'>versati</span> <span class='ocrx_word' id='word_1_219' title='bbox 1304 3065 1425 3140; x_wconf 90' lang='lat' dir='ltr'>erant,</span> <span class='ocrx_word' id='word_1_220' title='bbox 1449 3046 1579 3142; x_wconf 87' lang='lat' dir='ltr'>easque</span> <span class='ocrx_word' id='word_1_221' title='bbox 1598 3051 1637 3123; x_wconf 96' lang='lat' dir='ltr'>in</span> <span class='ocrx_word' id='word_1_222' title='bbox 1652 3050 1738 3133; x_wconf 77' lang='lat' dir='ltr'>suos</span> 
     </span>
     <span class='ocr_line' id='line_1_28' title="bbox 393 3138 1738 3248; baseline 0.008 -27"><span class='ocrx_word' id='word_1_223' title='bbox 393 3182 395 3186; x_wconf 95' lang='lat'>·</span> <span class='ocrx_word' id='word_1_224' title='bbox 450 3143 615 3248; x_wconf 86' lang='lat' dir='ltr'>tplorum</span> <span class='ocrx_word' id='word_1_225' title='bbox 638 3143 872 3237; x_wconf 89' lang='lat' dir='ltr'>aliorumque</span> <span class='ocrx_word' id='word_1_226' title='bbox 899 3138 978 3216; x_wconf 83' lang='lat' dir='ltr'>vius</span> <span class='ocrx_word' id='word_1_227' title='bbox 1000 3163 1085 3244; x_wconf 89' lang='lat' dir='ltr'>apte</span> <span class='ocrx_word' id='word_1_228' title='bbox 1106 3163 1323 3216; x_wconf 87' lang='lat' dir='ltr'>conuertere</span> <span class='ocrx_word' id='word_1_229' title='bbox 1344 3140 1566 3233; x_wconf 82' lang='lat' dir='ltr'>didicerant,</span> <span class='ocrx_word' id='word_1_230' title='bbox 1584 3154 1738 3233; x_wconf 86' lang='lat' dir='ltr'>eisvera</span> 
     </span>
     <span class='ocr_line' id='line_1_29' title="bbox 452 3239 1741 3344; baseline 0.01 -23"><span class='ocrx_word' id='word_1_231' title='bbox 452 3245 665 3344; x_wconf 84' lang='lat' dir='ltr'>eloquentia</span> <span class='ocrx_word' id='word_1_232' title='bbox 688 3241 735 3336; x_wconf 90' lang='lat' dir='ltr'>ad</span> <span class='ocrx_word' id='word_1_233' title='bbox 756 3240 945 3336; x_wconf 80' lang='lat' dir='ltr'>sermones</span> <span class='ocrx_word' id='word_1_234' title='bbox 968 3240 1053 3318; x_wconf 88' lang='lat' dir='ltr'>suos</span> <span class='ocrx_word' id='word_1_235' title='bbox 1072 3265 1157 3316; x_wconf 93' lang='lat' dir='ltr'>cum</span> <span class='ocrx_word' id='word_1_236' title='bbox 1181 3239 1406 3318; x_wconf 83' lang='lat' dir='ltr'>audientium</span> <span class='ocrx_word' id='word_1_237' title='bbox 1426 3243 1673 3332; x_wconf 67' lang='lat' dir='ltr'>detestatione</span> <span class='ocrx_word' id='word_1_238' title='bbox 1693 3258 1741 3334; x_wconf 88' lang='lat' dir='ltr'>fa·</span> 
     </span>
     <span class='ocr_line' id='line_1_30' title="bbox 453 3341 1740 3453; baseline 0.006 -27"><span class='ocrx_word' id='word_1_239' title='bbox 453 3345 607 3427; x_wconf 88' lang='lat' dir='ltr'>ciendos</span> <span class='ocrx_word' id='word_1_240' title='bbox 623 3342 833 3424; x_wconf 87' lang='lat' dir='ltr'>deessenon</span> <span class='ocrx_word' id='word_1_241' title='bbox 849 3363 1006 3442; x_wconf 85' lang='lat' dir='ltr'>poterat.</span> <span class='ocrx_word' id='word_1_242' title='bbox 1034 3352 1036 3358; x_wconf 85' lang='lat'>&#39;</span> <span class='ocrx_word' id='word_1_243' title='bbox 1070 3346 1112 3418; x_wconf 74' lang='lat' dir='ltr'>Et</span> <span class='ocrx_word' id='word_1_244' title='bbox 1128 3341 1210 3422; x_wconf 89' lang='lat' dir='ltr'>sane</span> <span class='ocrx_word' id='word_1_245' title='bbox 1232 3341 1304 3440; x_wconf 68' lang='lat' dir='ltr'>ipd</span> <span class='ocrx_word' id='word_1_246' title='bbox 1325 3347 1575 3444; x_wconf 83' lang='lat' dir='ltr'>applaudendi</span> <span class='ocrx_word' id='word_1_247' title='bbox 1597 3359 1740 3453; x_wconf 88' lang='lat' dir='ltr'>publice</span> 
     </span>
     <span class='ocr_line' id='line_1_31' title="bbox 451 3441 1738 3552; baseline 0.005 -29"><span class='ocrx_word' id='word_1_248' title='bbox 451 3450 490 3523; x_wconf 92' lang='lat' dir='ltr'>in</span> <span class='ocrx_word' id='word_1_249' title='bbox 507 3445 653 3525; x_wconf 76' lang='lat' dir='ltr'>ecclesus</span> <span class='ocrx_word' id='word_1_250' title='bbox 668 3444 996 3520; x_wconf 76' lang='lat' dir='ltr'>concionatoribus</span> <span class='ocrx_word' id='word_1_251' title='bbox 1016 3441 1244 3551; x_wconf 86' lang='lat' dir='ltr'>consuetudo</span> <span class='ocrx_word' id='word_1_252' title='bbox 1271 3450 1288 3538; x_wconf 84' lang='lat'>(</span> <span class='ocrx_word' id='word_1_253' title='bbox 1296 3442 1343 3522; x_wconf 90' lang='lat' dir='ltr'>de</span> <span class='ocrx_word' id='word_1_254' title='bbox 1363 3470 1435 3543; x_wconf 90' lang='lat' dir='ltr'>qua</span> <span class='ocrx_word' id='word_1_255' title='bbox 1457 3453 1561 3552; x_wconf 87' lang='lat' dir='ltr'>plura</span> <span class='ocrx_word' id='word_1_256' title='bbox 1575 3455 1738 3552; x_wconf 83' lang='lat' dir='ltr'>sequenti</span> 
     </span>
     <span class='ocr_line' id='line_1_32' title="bbox 452 3544 1737 3642; baseline 0.014 -26"><span class='ocrx_word' id='word_1_257' title='bbox 452 3552 482 3642; x_wconf 84' lang='lat'>§.</span> <span class='ocrx_word' id='word_1_258' title='bbox 501 3546 678 3640; x_wconf 86' lang='lat' dir='ltr'>XXVll.)</span> <span class='ocrx_word' id='word_1_259' title='bbox 706 3544 857 3622; x_wconf 89' lang='lat' dir='ltr'>euidens</span> <span class='ocrx_word' id='word_1_260' title='bbox 884 3544 1131 3621; x_wconf 85' lang='lat' dir='ltr'>testimonium</span> <span class='ocrx_word' id='word_1_261' title='bbox 1158 3544 1228 3642; x_wconf 90' lang='lat' dir='ltr'>est,</span> <span class='ocrx_word' id='word_1_262' title='bbox 1255 3546 1360 3642; x_wconf 90' lang='lat' dir='ltr'>quod</span> <span class='ocrx_word' id='word_1_263' title='bbox 1385 3557 1632 3630; x_wconf 88' lang='lat' dir='ltr'>communiter</span> <span class='ocrx_word' id='word_1_264' title='bbox 1651 3579 1737 3634; x_wconf 89' lang='lat' dir='ltr'>cum</span> 
     </span>
     <span class='ocr_line' id='line_1_33' title="bbox 449 3640 1217 3745; baseline 0.005 -30"><span class='ocrx_word' id='word_1_265' title='bbox 449 3640 627 3745; x_wconf 81' lang='lat' dir='ltr'>plausu&amp;</span> <span class='ocrx_word' id='word_1_266' title='bbox 645 3641 919 3736; x_wconf 82' lang='lat' dir='ltr'>approbatione</span> <span class='ocrx_word' id='word_1_267' title='bbox 936 3642 1072 3719; x_wconf 89' lang='lat' dir='ltr'>fuerint</span> <span class='ocrx_word' id='word_1_268' title='bbox 1092 3641 1217 3727; x_wconf 82' lang='lat' dir='ltr'>auditi.</span> 
     </span>
    </p>
   </div>
   <div class='ocr_carea' id='block_1_7' title="bbox 452 3810 1739 4378">
    <p class='ocr_par' dir='ltr' id='par_1_7' title="bbox 452 3810 1739 4292">
     <span class='ocr_line' id='line_1_34' title="bbox 569 3810 1738 3853; baseline 0.025 -29"><span class='ocrx_word' id='word_1_269' title='bbox 569 3810 1738 3853; x_wconf 50' lang='grc' dir='ltr'><strong>Μ</strong></span> 
     </span>
     <span class='ocr_line' id='line_1_35' title="bbox 497 3846 1737 3948; baseline 0.017 -40"><span class='ocrx_word' id='word_1_270' title='bbox 497 3854 526 3929; x_wconf 85' lang='lat' dir='ltr'>r)</span> <span class='ocrx_word' id='word_1_271' title='bbox 544 3847 686 3930; x_wconf 80' lang='lat' dir='ltr'>Clrrysoll.</span> <span class='ocrx_word' id='word_1_272' title='bbox 705 3846 774 3907; x_wconf 88' lang='lat' dir='ltr'>ibid.</span> <span class='ocrx_word' id='word_1_273' title='bbox 785 3847 833 3907; x_wconf 90' lang='lat' dir='ltr'>lib.</span> <span class='ocrx_word' id='word_1_274' title='bbox 847 3850 933 3915; x_wconf 80' lang='lat' dir='ltr'>lV.c,</span> <span class='ocrx_word' id='word_1_275' title='bbox 950 3853 1000 3911; x_wconf 82' lang='lat' dir='ltr'>Vl.</span> <span class='ocrx_word' id='word_1_276' title='bbox 1022 3847 1074 3923; x_wconf 69' lang='grc' dir='ltr'>ε’γῶ</span> <span class='ocrx_word' id='word_1_277' title='bbox 1118 3875 1243 3929; x_wconf 81' lang='lat' dir='ltr'>menter3</span> <span class='ocrx_word' id='word_1_278' title='bbox 1266 3859 1345 3914; x_wconf 89' lang='lat' dir='ltr'>illum</span> <span class='ocrx_word' id='word_1_279' title='bbox 1358 3859 1394 3916; x_wconf 77' lang='lat' dir='ltr'>ed</span> <span class='ocrx_word' id='word_1_280' title='bbox 1407 3857 1541 3940; x_wconf 79' lang='lat' dir='ltr'>hocopus</span> <span class='ocrx_word' id='word_1_281' title='bbox 1553 3866 1609 3923; x_wconf 84' lang='lat' dir='ltr'>lem</span> <span class='ocrx_word' id='word_1_282' title='bbox 1622 3886 1737 3948; x_wconf 82' lang='lat' dir='ltr'>oportet</span> 
     </span>
     <span class='ocr_line' id='line_1_36' title="bbox 453 3928 1739 4027; baseline 0.014 -32"><span class='ocrx_word' id='word_1_283' title='bbox 453 3938 478 3995; x_wconf 65' lang='lat' dir='ltr'>ii</span> <span class='ocrx_word' id='word_1_284' title='bbox 495 3940 514 3995; x_wconf 84' lang='lat' dir='ltr'>ti</span> <span class='ocrx_word' id='word_1_285' title='bbox 532 3935 578 4011; x_wconf 63' lang='lat' dir='ltr'>ple</span> <span class='ocrx_word' id='word_1_286' title='bbox 597 3938 638 3998; x_wconf 69' lang='lat' dir='ltr'>cir</span> <span class='ocrx_word' id='word_1_287' title='bbox 655 3930 777 3995; x_wconf 67' lang='lat' dir='ltr'>iaciture</span> <span class='ocrx_word' id='word_1_288' title='bbox 797 3928 939 4013; x_wconf 67' lang='lat' dir='ltr'>teangairaa</span> <span class='ocrx_word' id='word_1_289' title='bbox 954 3931 1074 4014; x_wconf 66' lang='grc' dir='ltr'>Ᾱπῇτεν,</span> <span class='ocrx_word' id='word_1_290' title='bbox 1117 3943 1264 4010; x_wconf 81' lang='lat' dir='ltr'>accedere,</span> <span class='ocrx_word' id='word_1_291' title='bbox 1286 3942 1336 4020; x_wconf 83' lang='lat' dir='ltr'>qui</span> <span class='ocrx_word' id='word_1_292' title='bbox 1353 3941 1438 4019; x_wconf 81' lang='lat' dir='ltr'>polest</span> <span class='ocrx_word' id='word_1_293' title='bbox 1460 3943 1618 4027; x_wconf 80' lang='lat' dir='ltr'>disputate,</span> <span class='ocrx_word' id='word_1_294' title='bbox 1637 3962 1680 4017; x_wconf 82' lang='lat' dir='ltr'>vel</span> <span class='ocrx_word' id='word_1_295' title='bbox 1695 3962 1739 4019; x_wconf 86' lang='lat' dir='ltr'>di·</span> 
     </span>
     <span class='ocr_line' id='line_1_37' title="bbox 453 4010 1739 4114; baseline 0.021 -35"><span class='ocrx_word' id='word_1_296' title='bbox 453 4023 498 4095; x_wconf 66' lang='lat' dir='ltr'>aa.)</span> <span class='ocrx_word' id='word_1_297' title='bbox 510 4024 553 4080; x_wconf 76' lang='lat' dir='ltr'>eir</span> <span class='ocrx_word' id='word_1_298' title='bbox 570 4020 728 4101; x_wconf 48' lang='lat' dir='ltr'>depossitus</span> <span class='ocrx_word' id='word_1_299' title='bbox 745 4010 842 4091; x_wconf 63' lang='lat' dir='ltr'>ineat,</span> <span class='ocrx_word' id='word_1_300' title='bbox 861 4014 905 4090; x_wconf 66' lang='lat' dir='ltr'>eu&gt;</span> <span class='ocrx_word' id='word_1_301' title='bbox 925 4023 966 4082; x_wconf 69' lang='grc' dir='ltr'>τὸν</span> <span class='ocrx_word' id='word_1_302' title='bbox 987 4033 1075 4082; x_wconf 68' lang='lat' dir='ltr'>eertu-</span> <span class='ocrx_word' id='word_1_303' title='bbox 1119 4046 1181 4085; x_wconf 85' lang='lat' dir='ltr'>cere</span> <span class='ocrx_word' id='word_1_304' title='bbox 1202 4026 1353 4104; x_wconf 81' lang='lat' dir='ltr'>sapienter,</span> <span class='ocrx_word' id='word_1_305' title='bbox 1372 4028 1480 4090; x_wconf 81' lang='lat' dir='ltr'>etiamst</span> <span class='ocrx_word' id='word_1_306' title='bbox 1498 4051 1557 4093; x_wconf 88' lang='lat' dir='ltr'>uon</span> <span class='ocrx_word' id='word_1_307' title='bbox 1573 4043 1660 4114; x_wconf 82' lang='lat' dir='ltr'>poteil</span> <span class='ocrx_word' id='word_1_308' title='bbox 1681 4049 1739 4106; x_wconf 87' lang='lat' dir='ltr'>elo·</span> 
     </span>
     <span class='ocr_line' id='line_1_38' title="bbox 453 4098 1737 4194; baseline 0.028 -44"><span class='ocrx_word' id='word_1_309' title='bbox 453 4107 508 4166; x_wconf 62' lang='lat' dir='ltr'>eft„</span> <span class='ocrx_word' id='word_1_310' title='bbox 545 4105 716 4181; x_wconf 49' lang='lat' dir='ltr'>minu,</span> <span class='ocrx_word' id='word_1_311' title='bbox 756 4102 799 4179; x_wconf 53' lang='grc' dir='ltr'>,ἡ</span> <span class='ocrx_word' id='word_1_312' title='bbox 830 4102 981 4168; x_wconf 64' lang='grc' dir='ltr'><strong><em>Πλάτωνος·</em></strong></span> <span class='ocrx_word' id='word_1_313' title='bbox 1005 4098 1074 4182; x_wconf 64' lang='grc' dir='ltr'>ὕψος</span> <span class='ocrx_word' id='word_1_314' title='bbox 1117 4127 1243 4191; x_wconf 88' lang='lat' dir='ltr'>quentet.</span> <span class='ocrx_word' id='word_1_315' title='bbox 1265 4147 1273 4157; x_wconf 88' lang='lat'><strong>·</strong></span> <span class='ocrx_word' id='word_1_316' title='bbox 1295 4146 1305 4159; x_wconf 89' lang='lat'><strong>·</strong></span> <span class='ocrx_word' id='word_1_317' title='bbox 1326 4111 1472 4190; x_wconf 83' lang='lat' dir='ltr'>Sapienter</span> <span class='ocrx_word' id='word_1_318' title='bbox 1483 4135 1578 4194; x_wconf 73' lang='lat' dir='ltr'>autem</span> <span class='ocrx_word' id='word_1_319' title='bbox 1595 4129 1662 4188; x_wconf 83' lang='lat' dir='ltr'>dicit</span> <span class='ocrx_word' id='word_1_320' title='bbox 1683 4131 1737 4192; x_wconf 75' lang='lat' dir='ltr'>lto.</span> 
     </span>
     <span class='ocr_line' id='line_1_39' title="bbox 452 4200 1739 4292; baseline 0.031 -54"><span class='ocrx_word' id='word_1_321' title='bbox 452 4216 478 4250; x_wconf 66' lang='grc' dir='ltr'>χ,</span> <span class='ocrx_word' id='word_1_322' title='bbox 499 4216 524 4247; x_wconf 61' lang='grc' dir='ltr'>τ,</span> <span class='ocrx_word' id='word_1_323' title='bbox 546 4207 572 4248; x_wconf 63' lang='grc' dir='ltr'>λ,</span> <span class='ocrx_word' id='word_1_324' title='bbox 1118 4203 1267 4272; x_wconf 62' lang='grc' dir='ltr'>πιοζιεηῑο</span> <span class='ocrx_word' id='word_1_325' title='bbox 1285 4200 1374 4279; x_wconf 79' lang='lat' dir='ltr'>mugit</span> <span class='ocrx_word' id='word_1_326' title='bbox 1395 4205 1439 4261; x_wconf 85' lang='lat' dir='ltr'>uel</span> <span class='ocrx_word' id='word_1_327' title='bbox 1460 4203 1570 4278; x_wconf 87' lang='lat' dir='ltr'>min&#39;us,</span> <span class='ocrx_word' id='word_1_328' title='bbox 1590 4233 1694 4292; x_wconf 81' lang='lat' dir='ltr'>quanto</span> <span class='ocrx_word' id='word_1_329' title='bbox 1708 4221 1739 4278; x_wconf 88' lang='lat' dir='ltr'>in</span> 
     </span>
    </p>

    <p class='ocr_par' dir='ltr' id='par_1_8' title="bbox 496 4273 1738 4378">
     <span class='ocr_line' id='line_1_40' title="bbox 496 4273 1738 4378; baseline 0.023 -42"><span class='ocrx_word' id='word_1_330' title='bbox 496 4277 525 4354; x_wconf 80' lang='lat' dir='ltr'>s)</span> <span class='ocrx_word' id='word_1_331' title='bbox 541 4281 613 4355; x_wconf 81' lang='lat' dir='ltr'>Aug.</span> <span class='ocrx_word' id='word_1_332' title='bbox 632 4279 666 4335; x_wconf 91' lang='lat' dir='ltr'>de</span> <span class='ocrx_word' id='word_1_333' title='bbox 681 4279 802 4347; x_wconf 76' lang='lat' dir='ltr'>dosirin,</span> <span class='ocrx_word' id='word_1_334' title='bbox 817 4276 909 4344; x_wconf 82' lang='lat' dir='ltr'>chrisi.</span> <span class='ocrx_word' id='word_1_335' title='bbox 920 4273 970 4343; x_wconf 80' lang='lat' dir='ltr'>lib,</span> <span class='ocrx_word' id='word_1_336' title='bbox 985 4280 1038 4339; x_wconf 93' lang='lat' dir='ltr'>lV.</span> <span class='ocrx_word' id='word_1_337' title='bbox 1049 4298 1075 4347; x_wconf 86' lang='lat' dir='ltr'>c.</span> <span class='ocrx_word' id='word_1_338' title='bbox 1117 4282 1362 4360; x_wconf 74' lang='lat' dir='ltr'>scripturitsansiia</span> <span class='ocrx_word' id='word_1_339' title='bbox 1375 4290 1465 4370; x_wconf 81' lang='lat' dir='ltr'>magis</span> <span class='ocrx_word' id='word_1_340' title='bbox 1477 4293 1738 4378; x_wconf 70' lang='lat' dir='ltr'>minusueproierit.</span> 
     </span>
    </p>
   </div>
   <div class='ocr_carea' id='block_1_8' title="bbox 449 4359 1740 4533">
    <p class='ocr_par' dir='ltr' id='par_1_9' title="bbox 449 4359 1740 4533">
     <span class='ocr_line' id='line_1_41' title="bbox 454 4359 1740 4465; baseline 0.027 -51"><span class='ocrx_word' id='word_1_341' title='bbox 454 4362 495 4427; x_wconf 81' lang='lat' dir='ltr'>V,</span> <span class='ocrx_word' id='word_1_342' title='bbox 516 4366 613 4456; x_wconf 81' lang='lat' dir='ltr'>Qum</span> <span class='ocrx_word' id='word_1_343' title='bbox 627 4363 674 4418; x_wconf 82' lang='lat' dir='ltr'>alii</span> <span class='ocrx_word' id='word_1_344' title='bbox 688 4360 791 4460; x_wconf 64' lang='lat' dir='ltr'>sociant</span> <span class='ocrx_word' id='word_1_345' title='bbox 809 4362 921 4434; x_wconf 86' lang='lat' dir='ltr'>obtuse,</span> <span class='ocrx_word' id='word_1_346' title='bbox 943 4359 1098 4426; x_wconf 60' lang='lat' dir='ltr'>deformi-⁸</span> <span class='ocrx_word' id='word_1_347' title='bbox 1162 4368 1192 4445; x_wconf 85' lang='lat' dir='ltr'>t)</span> <span class='ocrx_word' id='word_1_348' title='bbox 1209 4369 1368 4453; x_wconf 80' lang='lat' dir='ltr'>Auguliin,</span> <span class='ocrx_word' id='word_1_349' title='bbox 1391 4373 1459 4439; x_wconf 85' lang='lat' dir='ltr'>ibid.</span> <span class='ocrx_word' id='word_1_350' title='bbox 1474 4396 1538 4465; x_wconf 66' lang='lat' dir='ltr'>cup,</span> <span class='ocrx_word' id='word_1_351' title='bbox 1554 4384 1605 4447; x_wconf 74' lang='lat' dir='ltr'>Vl.</span> <span class='ocrx_word' id='word_1_352' title='bbox 1625 4388 1655 4446; x_wconf 80' lang='lat' dir='ltr'>de</span> <span class='ocrx_word' id='word_1_353' title='bbox 1673 4393 1740 4453; x_wconf 73' lang='lat' dir='ltr'>ult.</span> 
     </span>
     <span class='ocr_line' id='line_1_42' title="bbox 449 4444 1173 4533; baseline 0.007 -24"><span class='ocrx_word' id='word_1_354' title='bbox 449 4459 511 4522; x_wconf 82' lang='lat' dir='ltr'>tet,</span> <span class='ocrx_word' id='word_1_355' title='bbox 535 4444 654 4529; x_wconf 56' lang='lat' dir='ltr'>,frigidm</span> <span class='ocrx_word' id='word_1_356' title='bbox 674 4446 722 4510; x_wconf 73' lang='lat' dir='ltr'>alu</span> <span class='ocrx_word' id='word_1_357' title='bbox 738 4461 835 4521; x_wconf 75' lang='lat' dir='ltr'>acute,</span> <span class='ocrx_word' id='word_1_358' title='bbox 855 4462 967 4528; x_wconf 81' lang='lat' dir='ltr'>ornate,</span> <span class='ocrx_word' id='word_1_359' title='bbox 989 4449 1077 4533; x_wconf 47' lang='lat' dir='ltr'>vele,</span> <span class='ocrx_word' id='word_1_360' title='bbox 1118 4463 1173 4529; x_wconf 74' lang='lat' dir='ltr'>tot,</span> 
     </span>
    </p>
   </div>
   <div class='ocr_carea' id='block_1_9' title="bbox 1607 4554 1738 4648">
    <p class='ocr_par' dir='ltr' id='par_1_10' title="bbox 1607 4554 1738 4648">
     <span class='ocr_line' id='line_1_43' title="bbox 1607 4554 1738 4648; baseline 0.031 -17"><span class='ocrx_word' id='word_1_361' title='bbox 1607 4554 1738 4648; x_wconf 73' lang='lat' dir='ltr'>Verr-</span> 
     </span>
    </p>
   </div>
   <div class='ocr_carea' id='block_1_10' title="bbox 0 0 2396 5442">
    <p class='ocr_par' dir='ltr' id='par_1_11' title="bbox 0 0 2396 5442">
     <span class='ocr_line' id='line_1_44' title="bbox 0 0 2396 5442; baseline 0 0"><span class='ocrx_word' id='word_1_362' title='bbox 0 0 2396 5442; x_wconf 95' lang='lat' dir='ltr'> </span> 
     </span>
    </p>
   </div>
  </div>
 </body>
</html>
