<?xml version="1.0" encoding="UTF-8"?>
<!DOCTYPE html PUBLIC "-//W3C//DTD XHTML 1.0 Transitional//EN"
    "http://www.w3.org/TR/xhtml1/DTD/xhtml1-transitional.dtd">
<html xmlns="http://www.w3.org/1999/xhtml" xml:lang="en" lang="en">
 <head>
  <title>
</title>
<meta http-equiv="Content-Type" content="text/html;charset=utf-8" />
  <meta name='ocr-system' content='tesseract 3.04.00' />
  <meta name='ocr-capabilities' content='ocr_page ocr_carea ocr_par ocr_line ocrx_word'/>
</head>
<body>
  <div class='ocr_page' id='page_1' title='image "./opervmquaeexsta01binggoog_0160.png"; bbox 0 0 4734 5442; ppageno 0'>
   <div class='ocr_carea' id='block_1_1' title="bbox 655 585 1750 684">
    <p class='ocr_par' dir='ltr' id='par_1_1' title="bbox 655 585 1750 684">
     <span class='ocr_line' id='line_1_1' title="bbox 655 585 1750 684; baseline -0.01 -29"><span class='ocrx_word' id='word_1_1' title='bbox 655 601 725 684; x_wconf 83' lang='lat'>140</span> <span class='ocrx_word' id='word_1_2' title='bbox 876 593 1061 654; x_wconf 67' lang='lat' dir='ltr'>buterum</span> <span class='ocrx_word' id='word_1_3' title='bbox 1087 589 1416 648; x_wconf 76' lang='lat' dir='ltr'>rcctrsrrsrroanvtt</span> <span class='ocrx_word' id='word_1_4' title='bbox 1439 591 1506 643; x_wconf 78' lang='lat' dir='ltr'>tra.</span> <span class='ocrx_word' id='word_1_5' title='bbox 1525 585 1595 646; x_wconf 78' lang='lat' dir='ltr'>xtv.</span> <span class='ocrx_word' id='word_1_6' title='bbox 1612 593 1685 646; x_wconf 80' lang='lat' dir='ltr'>cat.</span> <span class='ocrx_word' id='word_1_7' title='bbox 1699 587 1750 650; x_wconf 69' lang='lat' dir='ltr'>w.</span> 
     </span>
    </p>
   </div>
   <div class='ocr_carea' id='block_1_2' title="bbox 513 681 1943 727">
    <p class='ocr_par' dir='ltr' id='par_1_2' title="bbox 513 681 1943 727">
     <span class='ocr_line' id='line_1_2' title="bbox 513 681 1943 727; baseline -0.012 1"><span class='ocrx_word' id='word_1_8' title='bbox 513 681 523 690; x_wconf 51' lang='grc' dir='ltr'>ι</span> <span class='ocrx_word' id='word_1_9' title='bbox 535 711 539 718; x_wconf 88' lang='grc'><em>·</em></span> <span class='ocrx_word' id='word_1_10' title='bbox 662 687 1943 727; x_wconf 52' lang='grc' dir='ltr'><strong><em>Μ</em></strong></span> 
     </span>
    </p>
   </div>
   <div class='ocr_carea' id='block_1_3' title="bbox 568 730 1972 4538">
    <p class='ocr_par' dir='ltr' id='par_1_3' title="bbox 657 730 1957 1450">
     <span class='ocr_line' id='line_1_3' title="bbox 657 730 1957 840; baseline -0.001 -18"><span class='ocrx_word' id='word_1_11' title='bbox 657 730 872 831; x_wconf 53' lang='lat' dir='ltr'>‚notatores</span> <span class='ocrx_word' id='word_1_12' title='bbox 896 765 1029 821; x_wconf 89' lang='lat' dir='ltr'>verum</span> <span class='ocrx_word' id='word_1_13' title='bbox 1043 738 1190 821; x_wconf 91' lang='lat' dir='ltr'>insulsas</span> <span class='ocrx_word' id='word_1_14' title='bbox 1212 740 1375 840; x_wconf 78' lang='lat' dir='ltr'>argutias</span> <span class='ocrx_word' id='word_1_15' title='bbox 1397 765 1439 816; x_wconf 91' lang='lat' dir='ltr'>ac</span> <span class='ocrx_word' id='word_1_16' title='bbox 1461 737 1633 816; x_wconf 82' lang='lat' dir='ltr'>infacetus</span> <span class='ocrx_word' id='word_1_17' title='bbox 1658 739 1869 820; x_wconf 81' lang='lat' dir='ltr'>subtilitates</span> <span class='ocrx_word' id='word_1_18' title='bbox 1891 735 1957 821; x_wconf 66' lang='lat' dir='ltr'>in·&#39;</span> 
     </span>
     <span class='ocr_line' id='line_1_4' title="bbox 661 838 1946 949; baseline -0.003 -24"><span class='ocrx_word' id='word_1_19' title='bbox 661 845 817 949; x_wconf 75' lang='lat' dir='ltr'>oprimis</span> <span class='ocrx_word' id='word_1_20' title='bbox 836 844 1021 922; x_wconf 87' lang='lat' dir='ltr'>abhorret.</span> <span class='ocrx_word' id='word_1_21' title='bbox 1072 844 1271 918; x_wconf 70' lang='lat' dir='ltr'>Poetarum</span> <span class='ocrx_word' id='word_1_22' title='bbox 1288 865 1331 918; x_wconf 89' lang='lat' dir='ltr'>ac</span> <span class='ocrx_word' id='word_1_23' title='bbox 1351 838 1599 939; x_wconf 87' lang='lat' dir='ltr'>profanorum</span> <span class='ocrx_word' id='word_1_24' title='bbox 1619 839 1815 918; x_wconf 73' lang='lat' dir='ltr'>austorum</span> <span class='ocrx_word' id='word_1_25' title='bbox 1839 869 1884 920; x_wconf 91' lang='lat' dir='ltr'>co</span> <span class='ocrx_word' id='word_1_26' title='bbox 1917 848 1946 921; x_wconf 91' lang='lat' dir='ltr'>i·</span> 
     </span>
     <span class='ocr_line' id='line_1_5' title="bbox 663 870 1951 1044; baseline -0.002 -20"><span class='ocrx_word' id='word_1_27' title='bbox 663 949 788 1038; x_wconf 76' lang='lat' dir='ltr'>artatis,</span> <span class='ocrx_word' id='word_1_28' title='bbox 825 966 867 1022; x_wconf 92' lang='lat' dir='ltr'>vt</span> <span class='ocrx_word' id='word_1_29' title='bbox 895 944 934 1020; x_wconf 74' lang='grc' dir='ltr'>ὃ(</span> <span class='ocrx_word' id='word_1_30' title='bbox 965 946 1057 1022; x_wconf 90' lang='lat' dir='ltr'>iocis</span> <span class='ocrx_word' id='word_1_31' title='bbox 1080 968 1101 1021; x_wconf 90' lang='lat' dir='ltr'>a</span> <span class='ocrx_word' id='word_1_32' title='bbox 1121 941 1302 1044; x_wconf 86' lang='lat' dir='ltr'>grauitate</span> <span class='ocrx_word' id='word_1_33' title='bbox 1327 939 1519 1017; x_wconf 90' lang='lat' dir='ltr'>christiana</span> <span class='ocrx_word' id='word_1_34' title='bbox 1543 939 1823 1041; x_wconf 83' lang='lat' dir='ltr'>recedentibus,</span> <span class='ocrx_word' id='word_1_35' title='bbox 1847 870 1951 1023; x_wconf 64' lang='lat' dir='ltr'>abili·</span> 
     </span>
     <span class='ocr_line' id='line_1_6' title="bbox 666 1039 1949 1142; baseline -0.001 -15"><span class='ocrx_word' id='word_1_36' title='bbox 666 1067 765 1127; x_wconf 71' lang='lat' dir='ltr'>tanet.</span> <span class='ocrx_word' id='word_1_37' title='bbox 817 1044 970 1122; x_wconf 91' lang='lat' dir='ltr'>Nobilis</span> <span class='ocrx_word' id='word_1_38' title='bbox 992 1043 1043 1121; x_wconf 83' lang='lat' dir='ltr'>eli</span> <span class='ocrx_word' id='word_1_39' title='bbox 1058 1047 1136 1121; x_wconf 90' lang='lat' dir='ltr'>eius</span> <span class='ocrx_word' id='word_1_40' title='bbox 1156 1040 1328 1140; x_wconf 90' lang='lat' dir='ltr'>scriptio,</span> <span class='ocrx_word' id='word_1_41' title='bbox 1341 1039 1463 1120; x_wconf 89' lang='lat' dir='ltr'>sermo</span> <span class='ocrx_word' id='word_1_42' title='bbox 1479 1040 1648 1142; x_wconf 87' lang='lat' dir='ltr'>grandis,</span> <span class='ocrx_word' id='word_1_43' title='bbox 1670 1041 1872 1122; x_wconf 85' lang='lat' dir='ltr'>methodus</span> <span class='ocrx_word' id='word_1_44' title='bbox 1892 1072 1949 1125; x_wconf 89' lang='lat' dir='ltr'>ac·</span> 
     </span>
     <span class='ocr_line' id='line_1_7' title="bbox 660 1139 1950 1248; baseline 0 -22"><span class='ocrx_word' id='word_1_45' title='bbox 660 1167 836 1244; x_wconf 67' lang='lat' dir='ltr'>¹scutata,</span> <span class='ocrx_word' id='word_1_46' title='bbox 857 1144 1201 1245; x_wconf 89' lang='lat' dir='ltr'>cogitationes-eius</span> <span class='ocrx_word' id='word_1_47' title='bbox 1224 1141 1392 1218; x_wconf 89' lang='lat' dir='ltr'>sublimes</span> <span class='ocrx_word' id='word_1_48' title='bbox 1409 1139 1504 1220; x_wconf 86' lang='lat' dir='ltr'>sunt.</span> <span class='ocrx_word' id='word_1_49' title='bbox 1581 1141 1631 1217; x_wconf 93' lang='lat' dir='ltr'>Vt</span> <span class='ocrx_word' id='word_1_50' title='bbox 1646 1146 1868 1244; x_wconf 77' lang='lat' dir='ltr'>tenerrimus</span> <span class='ocrx_word' id='word_1_51' title='bbox 1888 1172 1950 1248; x_wconf 84' lang='lat' dir='ltr'>pa·</span> 
     </span>
     <span class='ocr_line' id='line_1_8' title="bbox 667 1240 1949 1347; baseline -0.002 -19"><span class='ocrx_word' id='word_1_52' title='bbox 667 1269 754 1328; x_wconf 79' lang='lat' dir='ltr'>nter</span> <span class='ocrx_word' id='word_1_53' title='bbox 768 1270 810 1324; x_wconf 89' lang='lat' dir='ltr'>ac</span> <span class='ocrx_word' id='word_1_54' title='bbox 828 1242 1118 1347; x_wconf 80' lang='lat' dir='ltr'>vigilantissimus</span> <span class='ocrx_word' id='word_1_55' title='bbox 1137 1240 1262 1342; x_wconf 88' lang='lat' dir='ltr'>pastor</span> <span class='ocrx_word' id='word_1_56' title='bbox 1291 1242 1467 1337; x_wconf 89' lang='lat' dir='ltr'>loquitur.</span> <span class='ocrx_word' id='word_1_57' title='bbox 1519 1242 1661 1344; x_wconf 80' lang='lat' dir='ltr'>Saepius</span> <span class='ocrx_word' id='word_1_58' title='bbox 1677 1244 1775 1322; x_wconf 88' lang='lat' dir='ltr'>inter</span> <span class='ocrx_word' id='word_1_59' title='bbox 1800 1251 1949 1326; x_wconf 91' lang='lat' dir='ltr'>concio·</span> 
     </span>
     <span class='ocr_line' id='line_1_9' title="bbox 673 1340 1953 1450; baseline 0 -26"><span class='ocrx_word' id='word_1_60' title='bbox 673 1349 861 1428; x_wconf 69' lang='lat' dir='ltr'>»nandum</span> <span class='ocrx_word' id='word_1_61' title='bbox 875 1343 1061 1423; x_wconf 78' lang='lat' dir='ltr'>auditores</span> <span class='ocrx_word' id='word_1_62' title='bbox 1076 1342 1159 1420; x_wconf 87' lang='lat' dir='ltr'>suos</span> <span class='ocrx_word' id='word_1_63' title='bbox 1180 1342 1397 1440; x_wconf 89' lang='lat' dir='ltr'>compellar,</span> <span class='ocrx_word' id='word_1_64' title='bbox 1425 1340 1580 1443; x_wconf 86' lang='lat' dir='ltr'>eosque,</span> <span class='ocrx_word' id='word_1_65' title='bbox 1603 1368 1675 1442; x_wconf 87' lang='lat' dir='ltr'>qua</span> <span class='ocrx_word' id='word_1_66' title='bbox 1695 1343 1858 1423; x_wconf 69' lang='lat' dir='ltr'>sanstum</span> <span class='ocrx_word' id='word_1_67' title='bbox 1879 1351 1953 1450; x_wconf 89' lang='lat' dir='ltr'>epi-</span> 
     </span>
    </p>

    <p class='ocr_par' dir='ltr' id='par_1_4' title="bbox 650 1442 1955 1659">
     <span class='ocr_line' id='line_1_10' title="bbox 650 1442 1955 1548; baseline 0 -22"><span class='ocrx_word' id='word_1_68' title='bbox 650 1479 653 1486; x_wconf 95' lang='lat'>·</span> <span class='ocrx_word' id='word_1_69' title='bbox 676 1449 859 1548; x_wconf 71' lang='lat' dir='ltr'>„scopum</span> <span class='ocrx_word' id='word_1_70' title='bbox 876 1445 1001 1540; x_wconf 91' lang='lat' dir='ltr'>decet,</span> <span class='ocrx_word' id='word_1_71' title='bbox 1027 1445 1173 1522; x_wconf 89' lang='lat' dir='ltr'>lenitate</span> <span class='ocrx_word' id='word_1_72' title='bbox 1194 1465 1236 1517; x_wconf 87' lang='lat' dir='ltr'>ac</span> <span class='ocrx_word' id='word_1_73' title='bbox 1257 1442 1419 1520; x_wconf 86' lang='lat' dir='ltr'>claritate</span> <span class='ocrx_word' id='word_1_74' title='bbox 1438 1442 1660 1538; x_wconf 88' lang='lat' dir='ltr'>adloquitur.</span> <span class='ocrx_word' id='word_1_75' title='bbox 1693 1505 1697 1513; x_wconf 94' lang='lat'>.</span> <span class='ocrx_word' id='word_1_76' title='bbox 1736 1445 1955 1526; x_wconf 86' lang='lat' dir='ltr'>Christianae</span> 
     </span>
     <span class='ocr_line' id='line_1_11' title="bbox 671 1540 1954 1659; baseline -0.004 -27"><span class='ocrx_word' id='word_1_77' title='bbox 671 1549 765 1632; x_wconf 80' lang='lat' dir='ltr'>nteli</span> <span class='ocrx_word' id='word_1_78' title='bbox 796 1548 891 1624; x_wconf 90' lang='lat' dir='ltr'>ionis</span> <span class='ocrx_word' id='word_1_79' title='bbox 916 1547 1089 1624; x_wconf 89' lang='lat' dir='ltr'>veritates</span> <span class='ocrx_word' id='word_1_80' title='bbox 1112 1544 1248 1620; x_wconf 90' lang='lat' dir='ltr'>mirum</span> <span class='ocrx_word' id='word_1_81' title='bbox 1276 1564 1409 1641; x_wconf 86' lang='lat' dir='ltr'>quanta</span> <span class='ocrx_word' id='word_1_82' title='bbox 1434 1542 1516 1618; x_wconf 91' lang='lat' dir='ltr'>luce</span> <span class='ocrx_word' id='word_1_83' title='bbox 1533 1540 1743 1659; x_wconf 86' lang='lat' dir='ltr'>perfundar.</span> <span class='ocrx_word' id='word_1_84' title='bbox 1765 1643 1768 1648; x_wconf 22' lang='grc' dir='ltr'>Ι</span> <span class='ocrx_word' id='word_1_85' title='bbox 1787 1547 1954 1636; x_wconf 88' lang='lat' dir='ltr'>&#39;Audito-</span> 
     </span>
    </p>

    <p class='ocr_par' dir='ltr' id='par_1_5' title="bbox 672 1573 1956 1817">
     <span class='ocr_line' id='line_1_12' title="bbox 672 1573 1956 1817; baseline 0.002 -91"><span class='ocrx_word' id='word_1_86' title='bbox 672 1673 759 1735; x_wconf 65' lang='lat' dir='ltr'>‚rres</span> <span class='ocrx_word' id='word_1_87' title='bbox 767 1573 856 1726; x_wconf 52' lang='lat' dir='ltr'>suos</span> <span class='ocrx_word' id='word_1_88' title='bbox 876 1649 974 1726; x_wconf 91' lang='lat' dir='ltr'>miro</span> <span class='ocrx_word' id='word_1_89' title='bbox 995 1643 1157 1746; x_wconf 90' lang='lat' dir='ltr'>quodam</span> <span class='ocrx_word' id='word_1_90' title='bbox 1174 1642 1440 1817; x_wconf 75' lang='lat' dir='ltr'>cogitationum</span> <span class='ocrx_word' id='word_1_91' title='bbox 1459 1640 1593 1720; x_wconf 90' lang='lat' dir='ltr'>ordme</span> <span class='ocrx_word' id='word_1_92' title='bbox 1609 1669 1651 1721; x_wconf 88' lang='lat' dir='ltr'>ac</span> <span class='ocrx_word' id='word_1_93' title='bbox 1662 1645 1819 1724; x_wconf 87' lang='lat' dir='ltr'>artificio</span> <span class='ocrx_word' id='word_1_94' title='bbox 1835 1672 1956 1728; x_wconf 88' lang='lat' dir='ltr'>recre-</span> 
     </span>
    </p>

    <p class='ocr_par' dir='ltr' id='par_1_6' title="bbox 676 1739 1957 1848">
     <span class='ocr_line' id='line_1_13' title="bbox 676 1739 1957 1848; baseline 0 -21"><span class='ocrx_word' id='word_1_95' title='bbox 676 1751 953 1837; x_wconf 71' lang='lat' dir='ltr'>nut‚rationum</span> <span class='ocrx_word' id='word_1_96' title='bbox 998 1747 1139 1824; x_wconf 88' lang='lat' dir='ltr'>undere</span> <span class='ocrx_word' id='word_1_97' title='bbox 1155 1768 1223 1845; x_wconf 91' lang='lat' dir='ltr'>per</span> <span class='ocrx_word' id='word_1_98' title='bbox 1240 1740 1457 1819; x_wconf 83' lang='lat' dir='ltr'>uadet&amp;ad</span> <span class='ocrx_word' id='word_1_99' title='bbox 1471 1739 1658 1820; x_wconf 87' lang='lat' dir='ltr'>adsensum</span> <span class='ocrx_word' id='word_1_100' title='bbox 1682 1747 1795 1848; x_wconf 86' lang='lat' dir='ltr'>cogit.</span> <span class='ocrx_word' id='word_1_101' title='bbox 1872 1747 1957 1827; x_wconf 90' lang='lat' dir='ltr'>Cla·</span> 
     </span>
    </p>

    <p class='ocr_par' dir='ltr' id='par_1_7' title="bbox 679 1771 1956 1949">
     <span class='ocr_line' id='line_1_14' title="bbox 679 1771 1956 1949; baseline 0.002 -23"><span class='ocrx_word' id='word_1_102' title='bbox 679 1874 744 1940; x_wconf 78' lang='lat' dir='ltr'>„ra</span> <span class='ocrx_word' id='word_1_103' title='bbox 765 1873 807 1923; x_wconf 89' lang='lat' dir='ltr'>ac</span> <span class='ocrx_word' id='word_1_104' title='bbox 829 1847 942 1923; x_wconf 86' lang='lat' dir='ltr'>facilia</span> <span class='ocrx_word' id='word_1_105' title='bbox 968 1771 1046 1924; x_wconf 57' lang='lat' dir='ltr'>iim</span> <span class='ocrx_word' id='word_1_106' title='bbox 1067 1844 1178 1949; x_wconf 87' lang='lat' dir='ltr'>ipsrus</span> <span class='ocrx_word' id='word_1_107' title='bbox 1206 1845 1445 1939; x_wconf 89' lang='lat' dir='ltr'>documenta,</span> <span class='ocrx_word' id='word_1_108' title='bbox 1478 1840 1749 1947; x_wconf 87' lang='lat' dir='ltr'>descriptiones</span> <span class='ocrx_word' id='word_1_109' title='bbox 1766 1871 1808 1923; x_wconf 90' lang='lat' dir='ltr'>ac</span> <span class='ocrx_word' id='word_1_110' title='bbox 1833 1872 1956 1928; x_wconf 89' lang='lat' dir='ltr'>narra·</span> 
     </span>
    </p>

    <p class='ocr_par' dir='ltr' id='par_1_8' title="bbox 678 1944 1959 2045">
     <span class='ocr_line' id='line_1_15' title="bbox 678 1944 1959 2045; baseline -0.001 -15"><span class='ocrx_word' id='word_1_111' title='bbox 678 1953 826 2030; x_wconf 72' lang='lat' dir='ltr'>‚tiones</span> <span class='ocrx_word' id='word_1_112' title='bbox 840 1946 1008 2024; x_wconf 80' lang='lat' dir='ltr'>iucundae</span> <span class='ocrx_word' id='word_1_113' title='bbox 1023 1970 1064 2023; x_wconf 92' lang='lat' dir='ltr'>ac</span> <span class='ocrx_word' id='word_1_114' title='bbox 1085 1947 1281 2045; x_wconf 86' lang='lat' dir='ltr'>elegantes.</span> <span class='ocrx_word' id='word_1_115' title='bbox 1356 1944 1477 2018; x_wconf 90' lang='lat' dir='ltr'>Tanta</span> <span class='ocrx_word' id='word_1_116' title='bbox 1492 1944 1569 2020; x_wconf 88' lang='lat' dir='ltr'>eius</span> <span class='ocrx_word' id='word_1_117' title='bbox 1587 1945 1752 2024; x_wconf 86' lang='lat' dir='ltr'>motibus</span> <span class='ocrx_word' id='word_1_118' title='bbox 1766 1947 1893 2026; x_wconf 83' lang='lat' dir='ltr'>lenitas</span> <span class='ocrx_word' id='word_1_119' title='bbox 1916 1975 1959 2029; x_wconf 85' lang='lat' dir='ltr'>ac</span> 
     </span>
    </p>

    <p class='ocr_par' dir='ltr' id='par_1_9' title="bbox 679 2044 1958 2148">
     <span class='ocr_line' id='line_1_16' title="bbox 679 2044 1958 2148; baseline 0.002 -23"><span class='ocrx_word' id='word_1_120' title='bbox 679 2050 857 2145; x_wconf 83' lang='lat' dir='ltr'>„suauitas</span> <span class='ocrx_word' id='word_1_121' title='bbox 875 2047 984 2142; x_wconf 91' lang='lat' dir='ltr'>inest,</span> <span class='ocrx_word' id='word_1_122' title='bbox 1006 2068 1047 2123; x_wconf 89' lang='lat' dir='ltr'>vt</span> <span class='ocrx_word' id='word_1_123' title='bbox 1061 2045 1247 2124; x_wconf 87' lang='lat' dir='ltr'>auditores</span> <span class='ocrx_word' id='word_1_124' title='bbox 1267 2044 1367 2120; x_wconf 91' lang='lat' dir='ltr'>vltro</span> <span class='ocrx_word' id='word_1_125' title='bbox 1391 2067 1433 2118; x_wconf 88' lang='lat' dir='ltr'>ac</span> <span class='ocrx_word' id='word_1_126' title='bbox 1461 2067 1546 2117; x_wconf 91' lang='lat' dir='ltr'>cum</span> <span class='ocrx_word' id='word_1_127' title='bbox 1564 2045 1755 2147; x_wconf 90' lang='lat' dir='ltr'>voluptate</span> <span class='ocrx_word' id='word_1_128' title='bbox 1768 2049 1958 2148; x_wconf 90' lang='lat' dir='ltr'>persuade·</span> 
     </span>
    </p>

    <p class='ocr_par' dir='ltr' id='par_1_10' title="bbox 676 2142 1960 2248">
     <span class='ocr_line' id='line_1_17' title="bbox 676 2142 1960 2248; baseline 0 -21"><span class='ocrx_word' id='word_1_129' title='bbox 676 2170 775 2246; x_wconf 82' lang='lat' dir='ltr'>„ant</span> <span class='ocrx_word' id='word_1_130' title='bbox 799 2213 802 2218; x_wconf 94' lang='lat'>.</span> <span class='ocrx_word' id='word_1_131' title='bbox 843 2145 932 2226; x_wconf 92' lang='lat' dir='ltr'>Eius</span> <span class='ocrx_word' id='word_1_132' title='bbox 949 2148 1155 2243; x_wconf 88' lang='lat' dir='ltr'>orationes,</span> <span class='ocrx_word' id='word_1_133' title='bbox 1172 2145 1367 2245; x_wconf 87' lang='lat' dir='ltr'>longiores</span> <span class='ocrx_word' id='word_1_134' title='bbox 1383 2143 1486 2240; x_wconf 86' lang='lat' dir='ltr'>licet,</span> <span class='ocrx_word' id='word_1_135' title='bbox 1501 2142 1651 2220; x_wconf 81' lang='lat' dir='ltr'>taedium</span> <span class='ocrx_word' id='word_1_136' title='bbox 1665 2171 1867 2248; x_wconf 88' lang='lat' dir='ltr'>numquam</span> <span class='ocrx_word' id='word_1_137' title='bbox 1882 2175 1960 2227; x_wconf 91' lang='lat' dir='ltr'>cre·</span> 
     </span>
    </p>

    <p class='ocr_par' dir='ltr' id='par_1_11' title="bbox 680 2244 1959 2347">
     <span class='ocr_line' id='line_1_18' title="bbox 680 2244 1959 2347; baseline 0.002 -20"><span class='ocrx_word' id='word_1_138' title='bbox 680 2272 787 2347; x_wconf 85' lang='lat' dir='ltr'>„ant,</span> <span class='ocrx_word' id='word_1_139' title='bbox 800 2249 939 2347; x_wconf 90' lang='lat' dir='ltr'>vbique</span> <span class='ocrx_word' id='word_1_140' title='bbox 952 2250 991 2323; x_wconf 90' lang='lat' dir='ltr'>in</span> <span class='ocrx_word' id='word_1_141' title='bbox 1007 2250 1050 2322; x_wconf 89' lang='lat' dir='ltr'>iis</span> <span class='ocrx_word' id='word_1_142' title='bbox 1067 2249 1156 2326; x_wconf 92' lang='lat' dir='ltr'>noui</span> <span class='ocrx_word' id='word_1_143' title='bbox 1182 2265 1384 2341; x_wconf 89' lang='lat' dir='ltr'>occurrunt</span> <span class='ocrx_word' id='word_1_144' title='bbox 1396 2244 1546 2344; x_wconf 89' lang='lat' dir='ltr'>lepores</span> <span class='ocrx_word' id='word_1_145' title='bbox 1565 2268 1609 2321; x_wconf 89' lang='lat' dir='ltr'>ac</span> <span class='ocrx_word' id='word_1_146' title='bbox 1628 2245 1736 2342; x_wconf 85' lang='lat' dir='ltr'>sales,</span> <span class='ocrx_word' id='word_1_147' title='bbox 1770 2250 1834 2345; x_wconf 92' lang='lat' dir='ltr'>qui</span> <span class='ocrx_word' id='word_1_148' title='bbox 1847 2250 1959 2330; x_wconf 74' lang='lat' dir='ltr'>lesio·</span> 
     </span>
    </p>

    <p class='ocr_par' dir='ltr' id='par_1_12' title="bbox 680 2342 1959 2448">
     <span class='ocr_line' id='line_1_19' title="bbox 680 2342 1959 2448; baseline 0.001 -22"><span class='ocrx_word' id='word_1_149' title='bbox 680 2373 770 2448; x_wconf 91' lang='lat' dir='ltr'>„res</span> <span class='ocrx_word' id='word_1_150' title='bbox 793 2348 947 2424; x_wconf 90' lang='lat' dir='ltr'>suauirer</span> <span class='ocrx_word' id='word_1_151' title='bbox 970 2345 1143 2423; x_wconf 88' lang='lat' dir='ltr'>adficiunt</span> <span class='ocrx_word' id='word_1_152' title='bbox 1166 2369 1209 2420; x_wconf 89' lang='lat' dir='ltr'>ac</span> <span class='ocrx_word' id='word_1_153' title='bbox 1235 2345 1411 2421; x_wconf 86' lang='lat' dir='ltr'>excitant:</span> <span class='ocrx_word' id='word_1_154' title='bbox 1437 2342 1613 2441; x_wconf 82' lang='lat' dir='ltr'>nusquam</span> <span class='ocrx_word' id='word_1_155' title='bbox 1638 2365 1762 2426; x_wconf 88' lang='lat' dir='ltr'>tamen</span> <span class='ocrx_word' id='word_1_156' title='bbox 1786 2347 1880 2428; x_wconf 68' lang='lat' dir='ltr'>lislis</span> <span class='ocrx_word' id='word_1_157' title='bbox 1905 2352 1959 2427; x_wconf 93' lang='lat' dir='ltr'>lu·</span> 
     </span>
    </p>

    <p class='ocr_par' dir='ltr' id='par_1_13' title="bbox 684 2444 1961 2552">
     <span class='ocr_line' id='line_1_20' title="bbox 684 2444 1961 2552; baseline 0.007 -29"><span class='ocrx_word' id='word_1_158' title='bbox 684 2447 870 2543; x_wconf 88' lang='lat' dir='ltr'>„minibus</span> <span class='ocrx_word' id='word_1_159' title='bbox 885 2471 927 2522; x_wconf 91' lang='lat' dir='ltr'>ac</span> <span class='ocrx_word' id='word_1_160' title='bbox 940 2447 1122 2524; x_wconf 87' lang='lat' dir='ltr'>inutilibus</span> <span class='ocrx_word' id='word_1_161' title='bbox 1142 2444 1273 2545; x_wconf 84' lang='lat' dir='ltr'>liguris</span> <span class='ocrx_word' id='word_1_162' title='bbox 1300 2445 1391 2522; x_wconf 90' lang='lat' dir='ltr'>niter</span> <span class='ocrx_word' id='word_1_163' title='bbox 1410 2466 1795 2548; x_wconf 82' lang='lat' dir='ltr'>cnrrsosronvs,</span> <span class='ocrx_word' id='word_1_164' title='bbox 1817 2453 1879 2548; x_wconf 92' lang='lat' dir='ltr'>qui</span> <span class='ocrx_word' id='word_1_165' title='bbox 1911 2474 1961 2552; x_wconf 90' lang='lat' dir='ltr'>pe</span> 
     </span>
    </p>

    <p class='ocr_par' dir='ltr' id='par_1_14' title="bbox 687 2543 1964 2647">
     <span class='ocr_line' id='line_1_21' title="bbox 687 2543 1964 2647; baseline 0.005 -23"><span class='ocrx_word' id='word_1_166' title='bbox 687 2551 813 2647; x_wconf 72' lang='lat' dir='ltr'>„cuius</span> <span class='ocrx_word' id='word_1_167' title='bbox 837 2546 899 2624; x_wconf 90' lang='lat' dir='ltr'>sco</span> <span class='ocrx_word' id='word_1_168' title='bbox 928 2572 971 2623; x_wconf 91' lang='lat' dir='ltr'>us</span> <span class='ocrx_word' id='word_1_169' title='bbox 991 2551 1120 2625; x_wconf 92' lang='lat' dir='ltr'>vnicus</span> <span class='ocrx_word' id='word_1_170' title='bbox 1135 2545 1204 2643; x_wconf 89' lang='lat' dir='ltr'>est,</span> <span class='ocrx_word' id='word_1_171' title='bbox 1232 2546 1418 2624; x_wconf 86' lang='lat' dir='ltr'>auditores</span> <span class='ocrx_word' id='word_1_172' title='bbox 1434 2546 1520 2623; x_wconf 88' lang='lat' dir='ltr'>suos</span> <span class='ocrx_word' id='word_1_173' title='bbox 1543 2543 1589 2623; x_wconf 86' lang='lat' dir='ltr'>ad</span> <span class='ocrx_word' id='word_1_174' title='bbox 1614 2549 1716 2647; x_wconf 88' lang='lat' dir='ltr'>piam</span> <span class='ocrx_word' id='word_1_175' title='bbox 1739 2575 1782 2627; x_wconf 90' lang='lat' dir='ltr'>ac</span> <span class='ocrx_word' id='word_1_176' title='bbox 1805 2551 1866 2627; x_wconf 91' lang='lat' dir='ltr'>lan</span> <span class='ocrx_word' id='word_1_177' title='bbox 1905 2577 1964 2631; x_wconf 89' lang='lat' dir='ltr'>am</span> 
     </span>
    </p>

    <p class='ocr_par' dir='ltr' id='par_1_15' title="bbox 689 2571 1965 2748">
     <span class='ocr_line' id='line_1_22' title="bbox 689 2571 1965 2748; baseline 0.007 -23"><span class='ocrx_word' id='word_1_178' title='bbox 689 2652 828 2748; x_wconf 88' lang='lat' dir='ltr'>„viram</span> <span class='ocrx_word' id='word_1_179' title='bbox 844 2571 1045 2746; x_wconf 64' lang='lat' dir='ltr'>adducere,</span> <span class='ocrx_word' id='word_1_180' title='bbox 1062 2670 1122 2728; x_wconf 85' lang='lat' dir='ltr'>aut</span> <span class='ocrx_word' id='word_1_181' title='bbox 1142 2651 1315 2725; x_wconf 88' lang='lat' dir='ltr'>veritates</span> <span class='ocrx_word' id='word_1_182' title='bbox 1330 2646 1539 2725; x_wconf 89' lang='lat' dir='ltr'>necessarias</span> <span class='ocrx_word' id='word_1_183' title='bbox 1554 2669 1621 2725; x_wconf 89' lang='lat' dir='ltr'>eos</span> <span class='ocrx_word' id='word_1_184' title='bbox 1634 2645 1784 2730; x_wconf 87' lang='lat' dir='ltr'>docere.</span> <span class='ocrx_word' id='word_1_185' title='bbox 1809 2649 1965 2734; x_wconf 85' lang='lat' dir='ltr'>Omnes</span> 
     </span>
    </p>

    <p class='ocr_par' dir='ltr' id='par_1_16' title="bbox 688 2746 1965 2854">
     <span class='ocr_line' id='line_1_23' title="bbox 688 2746 1965 2854; baseline 0.005 -27"><span class='ocrx_word' id='word_1_186' title='bbox 688 2747 988 2848; x_wconf 89' lang='lat' dir='ltr'>„obseruationes</span> <span class='ocrx_word' id='word_1_187' title='bbox 1004 2750 1171 2852; x_wconf 88' lang='lat' dir='ltr'>negligit,</span> <span class='ocrx_word' id='word_1_188' title='bbox 1197 2773 1281 2848; x_wconf 86' lang='lat' dir='ltr'>quae</span> <span class='ocrx_word' id='word_1_189' title='bbox 1302 2747 1386 2849; x_wconf 92' lang='lat' dir='ltr'>plus</span> <span class='ocrx_word' id='word_1_190' title='bbox 1400 2746 1602 2826; x_wconf 83' lang='lat' dir='ltr'>subtilitatis</span> <span class='ocrx_word' id='word_1_191' title='bbox 1615 2748 1751 2828; x_wconf 88' lang='lat' dir='ltr'>habent</span> <span class='ocrx_word' id='word_1_192' title='bbox 1766 2751 1877 2854; x_wconf 84' lang='lat' dir='ltr'>quam</span> <span class='ocrx_word' id='word_1_193' title='bbox 1896 2757 1965 2833; x_wconf 91' lang='lat' dir='ltr'>vti·</span> 
     </span>
    </p>

    <p class='ocr_par' dir='ltr' id='par_1_17' title="bbox 687 2845 1963 2956">
     <span class='ocr_line' id='line_1_24' title="bbox 687 2845 1963 2956; baseline 0.006 -30"><span class='ocrx_word' id='word_1_194' title='bbox 687 2849 838 2949; x_wconf 80' lang='lat' dir='ltr'>„lirarisr</span> <span class='ocrx_word' id='word_1_195' title='bbox 874 2849 1096 2929; x_wconf 90' lang='lat' dir='ltr'>difficiliores</span> <span class='ocrx_word' id='word_1_196' title='bbox 1117 2856 1154 2926; x_wconf 93' lang='lat' dir='ltr'>in</span> <span class='ocrx_word' id='word_1_197' title='bbox 1180 2849 1344 2926; x_wconf 89' lang='lat' dir='ltr'>medium</span> <span class='ocrx_word' id='word_1_198' title='bbox 1366 2869 1444 2927; x_wconf 90' lang='lat' dir='ltr'>non</span> <span class='ocrx_word' id='word_1_199' title='bbox 1471 2845 1608 2943; x_wconf 91' lang='lat' dir='ltr'>adfert;</span> <span class='ocrx_word' id='word_1_200' title='bbox 1644 2847 1764 2929; x_wconf 88' lang='lat' dir='ltr'>sensus</span> <span class='ocrx_word' id='word_1_201' title='bbox 1787 2853 1963 2956; x_wconf 87' lang='lat' dir='ltr'>mysticos</span> 
     </span>
    </p>

    <p class='ocr_par' dir='ltr' id='par_1_18' title="bbox 690 2949 1963 3052">
     <span class='ocr_line' id='line_1_25' title="bbox 690 2949 1963 3052; baseline 0.005 -26"><span class='ocrx_word' id='word_1_202' title='bbox 690 2955 855 3051; x_wconf 88' lang='lat' dir='ltr'>„ingenii</span> <span class='ocrx_word' id='word_1_203' title='bbox 876 2951 927 3027; x_wconf 90' lang='lat' dir='ltr'>sui</span> <span class='ocrx_word' id='word_1_204' title='bbox 957 2951 1161 3029; x_wconf 82' lang='lat' dir='ltr'>ostentandi</span> <span class='ocrx_word' id='word_1_205' title='bbox 1195 2950 1295 3026; x_wconf 90' lang='lat' dir='ltr'>causa</span> <span class='ocrx_word' id='word_1_206' title='bbox 1317 2972 1397 3027; x_wconf 93' lang='lat' dir='ltr'>non</span> <span class='ocrx_word' id='word_1_207' title='bbox 1423 2953 1526 3028; x_wconf 88' lang='lat' dir='ltr'>eruit.</span> <span class='ocrx_word' id='word_1_208' title='bbox 1577 2949 1754 3052; x_wconf 86' lang='lat' dir='ltr'>Mylleria</span> <span class='ocrx_word' id='word_1_209' title='bbox 1768 2958 1963 3033; x_wconf 86' lang='lat' dir='ltr'>temerario</span> 
     </span>
    </p>

    <p class='ocr_par' dir='ltr' id='par_1_19' title="bbox 593 3048 1969 3357">
     <span class='ocr_line' id='line_1_26' title="bbox 593 3048 1964 3156; baseline 0.006 -31"><span class='ocrx_word' id='word_1_210' title='bbox 593 3097 600 3106; x_wconf 83' lang='lat'>.</span> <span class='ocrx_word' id='word_1_211' title='bbox 689 3052 798 3152; x_wconf 82' lang='lat' dir='ltr'>„ausu</span> <span class='ocrx_word' id='word_1_212' title='bbox 819 3075 897 3127; x_wconf 92' lang='lat' dir='ltr'>non</span> <span class='ocrx_word' id='word_1_213' title='bbox 918 3053 1090 3145; x_wconf 88' lang='lat' dir='ltr'>rimatur,</span> <span class='ocrx_word' id='word_1_214' title='bbox 1111 3073 1307 3151; x_wconf 89' lang='lat' dir='ltr'>certusque</span> <span class='ocrx_word' id='word_1_215' title='bbox 1325 3072 1365 3128; x_wconf 87' lang='lat' dir='ltr'>ea</span> <span class='ocrx_word' id='word_1_216' title='bbox 1388 3050 1459 3129; x_wconf 89' lang='lat' dir='ltr'>else</span> <span class='ocrx_word' id='word_1_217' title='bbox 1481 3048 1742 3140; x_wconf 62' lang='lat' dir='ltr'>clausularum,</span> <span class='ocrx_word' id='word_1_218' title='bbox 1767 3077 1809 3129; x_wconf 92' lang='lat' dir='ltr'>ea</span> <span class='ocrx_word' id='word_1_219' title='bbox 1829 3079 1964 3156; x_wconf 84' lang='lat' dir='ltr'>capere</span> 
     </span>
     <span class='ocr_line' id='line_1_27' title="bbox 689 3150 1968 3250; baseline -0.013 0"><span class='ocrx_word' id='word_1_220' title='bbox 689 3175 796 3250; x_wconf 78' lang='lat' dir='ltr'>»non</span> <span class='ocrx_word' id='word_1_221' title='bbox 817 3172 979 3230; x_wconf 89' lang='lat' dir='ltr'>conatur.</span> <span class='ocrx_word' id='word_1_222' title='bbox 1033 3152 1125 3230; x_wconf 88' lang='lat' dir='ltr'>Satis</span> <span class='ocrx_word' id='word_1_223' title='bbox 1145 3153 1271 3245; x_wconf 88' lang='lat' dir='ltr'>habet,</span> <span class='ocrx_word' id='word_1_224' title='bbox 1297 3150 1544 3230; x_wconf 81' lang='lat' dir='ltr'>samanisestas</span> <span class='ocrx_word' id='word_1_225' title='bbox 1566 3175 1608 3226; x_wconf 90' lang='lat' dir='ltr'>ac</span> <span class='ocrx_word' id='word_1_226' title='bbox 1630 3153 1817 3234; x_wconf 89' lang='lat' dir='ltr'>euidentes</span> <span class='ocrx_word' id='word_1_227' title='bbox 1836 3157 1968 3234; x_wconf 88' lang='lat' dir='ltr'>verita·</span> 
     </span>
     <span class='ocr_line' id='line_1_28' title="bbox 625 3251 1969 3357; baseline 0.004 -29"><span class='ocrx_word' id='word_1_228' title='bbox 625 3329 630 3336; x_wconf 85' lang='grc'>,</span> <span class='ocrx_word' id='word_1_229' title='bbox 689 3271 787 3357; x_wconf 68' lang='lat' dir='ltr'>„tea</span> <span class='ocrx_word' id='word_1_230' title='bbox 809 3277 893 3353; x_wconf 84' lang='lat' dir='ltr'>quae</span> <span class='ocrx_word' id='word_1_231' title='bbox 908 3253 982 3331; x_wconf 87' lang='lat' dir='ltr'>fine</span> <span class='ocrx_word' id='word_1_232' title='bbox 1003 3251 1121 3333; x_wconf 87' lang='lat' dir='ltr'>salutis</span> <span class='ocrx_word' id='word_1_233' title='bbox 1139 3253 1334 3355; x_wconf 89' lang='lat' dir='ltr'>dispendio</span> <span class='ocrx_word' id='word_1_234' title='bbox 1358 3253 1524 3354; x_wconf 91' lang='lat' dir='ltr'>ignorari</span> <span class='ocrx_word' id='word_1_235' title='bbox 1539 3276 1618 3328; x_wconf 91' lang='lat' dir='ltr'>non</span> <span class='ocrx_word' id='word_1_236' title='bbox 1639 3253 1798 3353; x_wconf 86' lang='lat' dir='ltr'>possunt,</span> <span class='ocrx_word' id='word_1_237' title='bbox 1818 3257 1913 3334; x_wconf 92' lang='lat' dir='ltr'>clare</span> <span class='ocrx_word' id='word_1_238' title='bbox 1926 3281 1969 3334; x_wconf 89' lang='lat' dir='ltr'>ac</span> 
     </span>
    </p>

    <p class='ocr_par' dir='ltr' id='par_1_20' title="bbox 568 3353 1972 4538">
     <span class='ocr_line' id='line_1_29' title="bbox 568 3353 1966 3459; baseline 0.004 -28"><span class='ocrx_word' id='word_1_239' title='bbox 568 3359 572 3365; x_wconf 83' lang='lat'>&#39;</span> <span class='ocrx_word' id='word_1_240' title='bbox 689 3353 907 3455; x_wconf 75' lang='lat' dir='ltr'>,perspicue</span> <span class='ocrx_word' id='word_1_241' title='bbox 932 3354 1180 3459; x_wconf 88' lang='lat' dir='ltr'>proposuerit.</span> <span class='ocrx_word' id='word_1_242' title='bbox 1231 3353 1286 3430; x_wconf 88' lang='lat' dir='ltr'>Ea</span> <span class='ocrx_word' id='word_1_243' title='bbox 1312 3355 1497 3456; x_wconf 82' lang='lat' dir='ltr'>praecipue</span> <span class='ocrx_word' id='word_1_244' title='bbox 1517 3373 1647 3455; x_wconf 87' lang='lat' dir='ltr'>urget,</span> <span class='ocrx_word' id='word_1_245' title='bbox 1674 3381 1758 3455; x_wconf 83' lang='lat' dir='ltr'>quae</span> <span class='ocrx_word' id='word_1_246' title='bbox 1780 3355 1826 3433; x_wconf 91' lang='lat' dir='ltr'>ad</span> <span class='ocrx_word' id='word_1_247' title='bbox 1840 3381 1966 3436; x_wconf 89' lang='lat' dir='ltr'>mores</span> 
     </span>
     <span class='ocr_line' id='line_1_30' title="bbox 689 3455 1967 3556; baseline 0.007 -31"><span class='ocrx_word' id='word_1_248' title='bbox 689 3455 896 3551; x_wconf 55' lang='lat' dir='ltr'>„spesiann</span> <span class='ocrx_word' id='word_1_249' title='bbox 912 3458 1124 3535; x_wconf 89' lang='lat' dir='ltr'>veritatibus</span> <span class='ocrx_word' id='word_1_250' title='bbox 1146 3481 1260 3535; x_wconf 88' lang='lat' dir='ltr'>merae</span> <span class='ocrx_word' id='word_1_251' title='bbox 1276 3455 1603 3556; x_wconf 88' lang='lat' dir='ltr'>contemplationis</span> <span class='ocrx_word' id='word_1_252' title='bbox 1622 3479 1707 3531; x_wconf 86' lang='lat' dir='ltr'>raro</span> <span class='ocrx_word' id='word_1_253' title='bbox 1737 3459 1967 3547; x_wconf 89' lang='lat' dir='ltr'>immoratur,</span> 
     </span>
     <span class='ocr_line' id='line_1_31' title="bbox 691 3553 1970 3656; baseline 0.006 -32"><span class='ocrx_word' id='word_1_254' title='bbox 691 3553 817 3643; x_wconf 72' lang='lat' dir='ltr'>„dosii</span> <span class='ocrx_word' id='word_1_255' title='bbox 837 3578 878 3625; x_wconf 88' lang='lat' dir='ltr'>ac</span> <span class='ocrx_word' id='word_1_256' title='bbox 895 3557 1028 3630; x_wconf 90' lang='lat' dir='ltr'>erudiri</span> <span class='ocrx_word' id='word_1_257' title='bbox 1050 3558 1186 3632; x_wconf 84' lang='lat' dir='ltr'>famam</span> <span class='ocrx_word' id='word_1_258' title='bbox 1208 3581 1287 3632; x_wconf 92' lang='lat' dir='ltr'>non</span> <span class='ocrx_word' id='word_1_259' title='bbox 1301 3580 1521 3656; x_wconf 85' lang='lat' dir='ltr'>aucupatur,</span> <span class='ocrx_word' id='word_1_260' title='bbox 1544 3579 1666 3652; x_wconf 91' lang='lat' dir='ltr'>neque</span> <span class='ocrx_word' id='word_1_261' title='bbox 1681 3553 1780 3629; x_wconf 91' lang='lat' dir='ltr'>suam</span> <span class='ocrx_word' id='word_1_262' title='bbox 1796 3557 1970 3632; x_wconf 88' lang='lat' dir='ltr'>eruditio·</span> 
     </span>
     <span class='ocr_line' id='line_1_32' title="bbox 690 3649 1967 3751; baseline 0.006 -29"><span class='ocrx_word' id='word_1_263' title='bbox 690 3671 805 3749; x_wconf 92' lang='lat' dir='ltr'>„nem</span> <span class='ocrx_word' id='word_1_264' title='bbox 821 3649 992 3744; x_wconf 90' lang='lat' dir='ltr'>ostentat,</span> <span class='ocrx_word' id='word_1_265' title='bbox 1014 3656 1061 3727; x_wconf 87' lang='lat' dir='ltr'>ita</span> <span class='ocrx_word' id='word_1_266' title='bbox 1075 3673 1219 3742; x_wconf 86' lang='lat' dir='ltr'>tamen,</span> <span class='ocrx_word' id='word_1_267' title='bbox 1249 3651 1297 3726; x_wconf 92' lang='lat' dir='ltr'>de</span> <span class='ocrx_word' id='word_1_268' title='bbox 1319 3676 1550 3751; x_wconf 87' lang='lat' dir='ltr'>quacumque</span> <span class='ocrx_word' id='word_1_269' title='bbox 1584 3675 1626 3726; x_wconf 89' lang='lat' dir='ltr'>re</span> <span class='ocrx_word' id='word_1_270' title='bbox 1654 3653 1846 3750; x_wconf 87' lang='lat' dir='ltr'>loquatur,</span> <span class='ocrx_word' id='word_1_271' title='bbox 1869 3677 1967 3750; x_wconf 89' lang='lat' dir='ltr'>apte,</span> 
     </span>
     <span class='ocr_line' id='line_1_33' title="bbox 692 3748 1970 3856; baseline 0.005 -32"><span class='ocrx_word' id='word_1_272' title='bbox 692 3750 900 3844; x_wconf 90' lang='lat' dir='ltr'>„concinne</span> <span class='ocrx_word' id='word_1_273' title='bbox 932 3774 972 3826; x_wconf 88' lang='lat' dir='ltr'>ac</span> <span class='ocrx_word' id='word_1_274' title='bbox 999 3748 1114 3826; x_wconf 90' lang='lat' dir='ltr'>solide</span> <span class='ocrx_word' id='word_1_275' title='bbox 1141 3750 1325 3856; x_wconf 83' lang='lat' dir='ltr'>loquitur,</span> <span class='ocrx_word' id='word_1_276' title='bbox 1355 3771 1398 3826; x_wconf 92' lang='lat' dir='ltr'>vt</span> <span class='ocrx_word' id='word_1_277' title='bbox 1420 3750 1525 3826; x_wconf 89' lang='lat' dir='ltr'>facile</span> <span class='ocrx_word' id='word_1_278' title='bbox 1546 3748 1705 3841; x_wconf 87' lang='lat' dir='ltr'>iudices,</span> <span class='ocrx_word' id='word_1_279' title='bbox 1731 3753 1807 3828; x_wconf 91' lang='lat' dir='ltr'>eius</span> <span class='ocrx_word' id='word_1_280' title='bbox 1833 3751 1970 3830; x_wconf 70' lang='lat' dir='ltr'>dosiri·</span> 
     </span>
     <span class='ocr_line' id='line_1_34' title="bbox 692 3845 1972 3952; baseline 0.005 -26"><span class='ocrx_word' id='word_1_281' title='bbox 692 3874 803 3944; x_wconf 89' lang='lat' dir='ltr'>„nam</span> <span class='ocrx_word' id='word_1_282' title='bbox 818 3875 858 3927; x_wconf 88' lang='lat' dir='ltr'>ac</span> <span class='ocrx_word' id='word_1_283' title='bbox 875 3851 1129 3927; x_wconf 86' lang='lat' dir='ltr'>eruditionem·</span> <span class='ocrx_word' id='word_1_284' title='bbox 1140 3845 1319 3925; x_wconf 90' lang='lat' dir='ltr'>summam</span> <span class='ocrx_word' id='word_1_285' title='bbox 1335 3848 1424 3948; x_wconf 87' lang='lat' dir='ltr'>else,</span> <span class='ocrx_word' id='word_1_286' title='bbox 1450 3873 1493 3929; x_wconf 92' lang='lat' dir='ltr'>vt</span> <span class='ocrx_word' id='word_1_287' title='bbox 1509 3852 1547 3927; x_wconf 89' lang='lat' dir='ltr'>in</span> <span class='ocrx_word' id='word_1_288' title='bbox 1564 3849 1741 3928; x_wconf 88' lang='lat' dir='ltr'>omnibus</span> <span class='ocrx_word' id='word_1_289' title='bbox 1761 3850 1972 3952; x_wconf 87' lang='lat' dir='ltr'>disciplinis,</span> 
     </span>
     <span class='ocr_line' id='line_1_35' title="bbox 695 3948 1971 4057; baseline 0.003 -29"><span class='ocrx_word' id='word_1_290' title='bbox 695 3954 768 4048; x_wconf 87' lang='lat' dir='ltr'>„ita</span> <span class='ocrx_word' id='word_1_291' title='bbox 785 3951 987 4056; x_wconf 84' lang='lat' dir='ltr'>praesertim</span> <span class='ocrx_word' id='word_1_292' title='bbox 1005 3953 1042 4027; x_wconf 90' lang='lat' dir='ltr'>in</span> <span class='ocrx_word' id='word_1_293' title='bbox 1062 3974 1150 4027; x_wconf 88' lang='lat' dir='ltr'>vera</span> <span class='ocrx_word' id='word_1_294' title='bbox 1165 3950 1401 4054; x_wconf 88' lang='lat' dir='ltr'>theologia‚‚.</span> <span class='ocrx_word' id='word_1_295' title='bbox 1472 3953 1515 4028; x_wconf 91' lang='lat' dir='ltr'>In</span> <span class='ocrx_word' id='word_1_296' title='bbox 1535 3954 1635 4028; x_wconf 89' lang='lat' dir='ltr'>bunc</span> <span class='ocrx_word' id='word_1_297' title='bbox 1656 3948 1813 4028; x_wconf 90' lang='lat' dir='ltr'>mudum</span> <span class='ocrx_word' id='word_1_298' title='bbox 1836 3953 1971 4057; x_wconf 77' lang='lat' dir='ltr'>insigni</span> 
     </span>
     <span class='ocr_line' id='line_1_36' title="bbox 693 4053 1970 4155; baseline 0.004 -27"><span class='ocrx_word' id='word_1_299' title='bbox 693 4053 831 4132; x_wconf 84' lang='lat' dir='ltr'>iudicio</span> <span class='ocrx_word' id='word_1_300' title='bbox 855 4054 1031 4154; x_wconf 79' lang='lat' dir='ltr'>ptaedirus</span> <span class='ocrx_word' id='word_1_301' title='bbox 1052 4053 1111 4129; x_wconf 92' lang='lat' dir='ltr'>ille</span> <span class='ocrx_word' id='word_1_302' title='bbox 1139 4054 1286 4130; x_wconf 86' lang='lat' dir='ltr'>criticus</span> <span class='ocrx_word' id='word_1_303' title='bbox 1309 4054 1409 4131; x_wconf 90' lang='lat' dir='ltr'>hunc</span> <span class='ocrx_word' id='word_1_304' title='bbox 1429 4053 1708 4132; x_wconf 88' lang='lat' dir='ltr'>celeberrimum</span> <span class='ocrx_word' id='word_1_305' title='bbox 1731 4075 1773 4127; x_wconf 93' lang='lat' dir='ltr'>ac</span> <span class='ocrx_word' id='word_1_306' title='bbox 1795 4054 1970 4155; x_wconf 92' lang='lat' dir='ltr'>eloquen-</span> 
     </span>
     <span class='ocr_line' id='line_1_37' title="bbox 693 4150 1968 4273; baseline 0.005 -43"><span class='ocrx_word' id='word_1_307' title='bbox 693 4153 866 4231; x_wconf 89' lang='lat' dir='ltr'>tiffimum</span> <span class='ocrx_word' id='word_1_308' title='bbox 882 4157 1183 4234; x_wconf 88' lang='lat' dir='ltr'>concionatorem</span> <span class='ocrx_word' id='word_1_309' title='bbox 1199 4153 1380 4273; x_wconf 88' lang='lat' dir='ltr'>depingit.</span> <span class='ocrx_word' id='word_1_310' title='bbox 1458 4153 1507 4229; x_wconf 87' lang='lat' dir='ltr'>Er</span> <span class='ocrx_word' id='word_1_311' title='bbox 1521 4154 1604 4231; x_wconf 91' lang='lat' dir='ltr'>sane</span> <span class='ocrx_word' id='word_1_312' title='bbox 1624 4150 1784 4253; x_wconf 87' lang='lat' dir='ltr'>quisquis</span> <span class='ocrx_word' id='word_1_313' title='bbox 1798 4156 1968 4236; x_wconf 88' lang='lat' dir='ltr'>homilias</span> 
     </span>
     <span class='ocr_line' id='line_1_38' title="bbox 691 4254 1969 4355; baseline -0.001 -21"><span class='ocrx_word' id='word_1_314' title='bbox 691 4256 770 4338; x_wconf 79' lang='lat' dir='ltr'>eius</span> <span class='ocrx_word' id='word_1_315' title='bbox 789 4254 853 4331; x_wconf 86' lang='lat' dir='ltr'>dili</span> <span class='ocrx_word' id='word_1_316' title='bbox 883 4278 986 4334; x_wconf 90' lang='lat' dir='ltr'>enter</span> <span class='ocrx_word' id='word_1_317' title='bbox 1009 4255 1190 4335; x_wconf 83' lang='lat' dir='ltr'>euoluerir</span> <span class='ocrx_word' id='word_1_318' title='bbox 1212 4255 1410 4355; x_wconf 89' lang='lat' dir='ltr'>(inprrmis</span> <span class='ocrx_word' id='word_1_319' title='bbox 1430 4255 1469 4334; x_wconf 92' lang='lat' dir='ltr'>in</span> <span class='ocrx_word' id='word_1_320' title='bbox 1482 4255 1672 4332; x_wconf 90' lang='lat' dir='ltr'>volumine</span> <span class='ocrx_word' id='word_1_321' title='bbox 1681 4257 1969 4353; x_wconf 74' lang='lat' dir='ltr'>primodiquin·</span> 
     </span>
     <span class='ocr_line' id='line_1_39' title="bbox 672 4279 1969 4534; baseline -0.003 -98"><span class='ocrx_word' id='word_1_322' title='bbox 672 4441 675 4448; x_wconf 73' lang='grc'>,</span> <span class='ocrx_word' id='word_1_323' title='bbox 695 4375 757 4456; x_wconf 85' lang='lat' dir='ltr'>to,</span> <span class='ocrx_word' id='word_1_324' title='bbox 780 4279 1232 4444; x_wconf 58' lang='lat' dir='ltr'>vbiiermonesmaairno</span> <span class='ocrx_word' id='word_1_325' title='bbox 1245 4355 1366 4442; x_wconf 83' lang='lat' dir='ltr'>studio</span> <span class='ocrx_word' id='word_1_326' title='bbox 1379 4356 1556 4442; x_wconf 86' lang='lat' dir='ltr'>elaborati</span> <span class='ocrx_word' id='word_1_327' title='bbox 1575 4355 1778 4460; x_wconf 86' lang='lat' dir='ltr'>habentur,</span> <span class='ocrx_word' id='word_1_328' title='bbox 1801 4381 1871 4437; x_wconf 90' lang='lat' dir='ltr'>nec</span> <span class='ocrx_word' id='word_1_329' title='bbox 1890 4377 1969 4534; x_wconf 58' lang='lat' dir='ltr'>gon</span> 
     </span>
     <span class='ocr_line' id='line_1_40' title="bbox 828 4480 1963 4538; baseline 0.003 -13"><span class='ocrx_word' id='word_1_330' title='bbox 828 4519 833 4525; x_wconf 87' lang='lat'>.</span> <span class='ocrx_word' id='word_1_331' title='bbox 1147 4481 1151 4488; x_wconf 94' lang='lat'>·</span> <span class='ocrx_word' id='word_1_332' title='bbox 1364 4493 1368 4502; x_wconf 92' lang='lat'>·</span> <span class='ocrx_word' id='word_1_333' title='bbox 1927 4480 1963 4538; x_wconf 90' lang='lat' dir='ltr'>o·</span> 
     </span>
    </p>
   </div>
   <div class='ocr_carea' id='block_1_4' title="bbox 0 0 2405 5442">
    <p class='ocr_par' dir='ltr' id='par_1_21' title="bbox 0 0 2405 5442">
     <span class='ocr_line' id='line_1_41' title="bbox 0 0 2405 5442; baseline 0 0"><span class='ocrx_word' id='word_1_334' title='bbox 0 0 2405 5442; x_wconf 95' lang='lat' dir='ltr'> </span> 
     </span>
    </p>
   </div>
  </div>
 </body>
</html>
