4734 5442
523 629 604 690 'm
735 621 916 680 mactarunt
940 619 1265 670 rectratnartcaavtt
1296 618 1361 668 ata.
1383 616 1452 666 xtv.
1475 618 1546 670 car.
1567 619 1621 667 ιιι.

534 767 759 846 tenderetur.
831 760 1015 837 Narrabat
1036 756 1141 832 simul
1161 760 1196 833 ei
1224 764 1296 848 w),
1321 774 1477 852 quantus
1508 754 1683 830 tumultus
1705 755 1744 829 in
1760 780 1820 832 ec·

535 867 638 946 clelra
651 864 808 965 quadam
824 860 942 957 Africa
962 856 1079 934 fastus
1094 854 1156 947 fir,
1178 881 1293 956 quum
1314 852 1465 952 quidam
1485 854 1682 954 episcopus
1706 859 1820 931 inter-

532 970 782 1069 pretationem
814 967 892 1040 eius
924 956 1202 1056 introduxilset,
1233 979 1346 1053 quam
1363 953 1562 1055 'reponere
1586 954 1738 1032 condius
1763 955 1821 1054 stt,

535 1069 672 1144 volens
693 1065 777 1165 post
791 1060 1189 1163 magnumpericulum
1206 1082 1286 1134 non
1298 1080 1497 1134 remanete
1513 1053 1588 1132 fine
1602 1055 1723 1154 plebe.
1746 1059 1822 1138 Ve'·

535 1192 621 1246 rum
635 1168 713 1243 aliis
735 1167 773 1241 in
789 1165 882 1241 locis
902 1160 1040 1237 facilius
1067 1156 1216 1235 admissa
1242 1155 1311 1234 fuit
1332 1179 1430 1234 noua
1453 1155 1517 1233 ista
1555 1159 1821 1238 ntrnouu'u't

531 1268 803 1368 interpretatio.
866 1263 969 1338 Nam
984 1260 1169 1435 firadatim
1188 1284 1208 1333 a
1224 1260 1314 1335 viris
1327 1256 1449 1335 doeiis
1467 1260 1505 1332 in
1525 1251 1820 1364 expositionibus

534 1369 610 1448 suis
636 1367 803 1445 adbiberi
826 1385 982 1463 ereptae
1013 1415 1023 1437 .
1096 1382 1364 1437 nnnoomvs
1387 1381 1574 1435 uanuvs
1599 1359 1639 1460 x)
1665 1383 1821 1457 vtruque

531 1465 806 1549 ·verstonevsus
822 1462 892 1555 est,
917 1469 1204 1563 Hierupmianam
1223 1478 1380 1549 nouam,
1405 1461 1556 1535 alteram
1577 1483 1699 1539 autem
1722 1484 1821 1542 vete·

540 1587 633 1650 rem¹
650 1589 873 1667 nuncupans
904 1565 1198 1648 translationem
1244 1583 1401 1661 quarum
1428 1560 1508 1635 haec
1531 1560 1714 1660 posterior
1733 1564 1833 1650 alias,

541 1673 795 1768 itala,jvulgata
809 1668 847 1744 dt
859 1675 1035 1739 cummunis
1049 1662 1318 1765 appellabatur,
1333 1660 1438 1762 quod
1454 1667 1491 1735 in
1506 1663 1679 1740 omnibus
1694 1670 1823 1739 Latim'r

406 1828 414 1841 .
527 1774 582 1851 -δι
595 1776 721 1846 Italicis
736 1768 893 1845 ecclesiis
907 1766 1153 1844 adhiberetur.
1205 1761 1401 1840 Hodierna
1416 1768 1534 1838 Lmina
1540 1764 1692 1865 uulgata
1706 1785 1820 1843 trans·

455 1911 458 1920 ·
488 1913 490 1917 .
540 1876 631 1951 latio
649 1896 718 1950 nec
735 1872 883 1967 antiqua
903 1871 1071 1969 uulgata,
1104 1890 1173 1942 nec
1193 1881 1465 1942 trraaourut·
1481 1887 1597 1948 noua,
1619 1864 1680 1968 sed
1707 1868 1822 1945 mixta

540 1968 844 2071 exvtraque'elle
857 1971 946 2045 viris
966 1968 1126 2063 eruditis·
1141 1967 1179 2065 ι’)
1195 1964 1380 2042 creditur·
1408 2009 1410 2014 ·
1441 1964 1566 2042 Psalmi
1586 1969 1625 2042 in
1640 1966 1824 2045 hodierna

542 2076 693 2176 vulgata
709 2096 786 2147 non
802 2070 849 2146 de
865 2068 1011 2162 Hebae,
1028 2067 1090 2144 sed
1103 2067 1148 2143 ab
1163 2088 1441 2144 nttnoutuo
1454 2064 1500 2142 de
1515 2066 1628 2144 LXX.
1640 2069 1824 2168 interpre-

536 2197 624 2275 rum
643 2171 829 2260 verlione,
852 2171 897 2245 ab
920 2193 1120 2244 tvcrauo
1153 2165 1364 2261 emendata,
1387 2164 1544 2244 tradudli
1562 2165 1651 2246 sunt.
1727 2171 1824 2249 Reli·

543 2277 609 2449 ili
631 2265 1823 2450 'll‘bilbilitanillll‘lliliblff‘lll‘t

542 2400 819 2552 ¹alitquoP’salmi
843 2394 967 2546 auiam
992 2439 1100 2547 Rontae
1125 2467 1273 2568 semper
1291 2468 1508 2571 legebantur
1527 2429 1725 2564 saeuudt’am
1743 2399 1824 2592 ιἰῐιι.ἶ

1356 2621 1825 2650 ..Ι-..ο--ι--ὸ

586 2708 631 2786 w)
654 2708 805 2790 Augullin.
818 2708 894 2788 epist.
909 2709 945 2776 Χ,
954 2708 989 2768 ad
996 2707 1164 2788 Hieronym.
1205 2689 1414 2788 cauffaexipit,
1436 2726 1513 2769 nunc
1530 2699 1638 2769 nuttam
1658 2727 1735 2772 nunu
1750 2695 1825 2775 vete·

544 2797 671 2871 Quidam
691 2786 772 2855 fra'ter
788 2793 880 2855 noller
894 2791 1053 2871 episcopor,
1074 2810 1163 2873 quum
1204 2812 1264 2851 rem
1284 2811 1331 2871 pet
1358 2791 1519 2855 testimonia
1544 2795 1678 2867 adsumo,
1706 2810 1737 2856 rt
1758 2799 1824 2878 qula

429 2923 440 2937 .-
544 2877 836 2943 letlitarelnstnuillet
849 2884 879 2940 in
892 2876 1017 2952 eoeleste,
1033 2880 1079 2938 cui
1094 2896 1163 2956 pra·
1203 2876 1277 2939 sedet
1295 2877 1460 2959 apostolica,
1479 2881 1528 2940 cui
1542 2884 1602 2940 Dee
1620 2865 1744 2944 austere·
1755 2903 1824 2961 pre.

545 2967 601 3040 eil,
640 2969 897 3043 interpretationem
931 2981 1028 3037 trram,
1069 2966 1163 3023 mouit
1204 2960 1296 3038 l‘tdeo,
1312 2977 1428 3045 utraque
1439 2968 1542 3040 utitur,
1564 2969 1619 3027 mei
1638 2988 1754 3050 quoque
1779 2972 1823 3034 la*-

544 3053 682 3135 quiddam
693 3054 780 3132 louge
790 3054 870 3112 aliter
887 3049 936 3112 aba
950 3066 979 3110 te
999 3046 1121 3132 pofitnm
1134 3067 1162 3109 a·
1203 3047 1256 3111 bor
1267 3049 1349 3110 lludii
1361 3069 1397 3110 ex
1414 3065 1528 3132 utraque
1541 3049 1679 3118 fulciatur.
1778 3100 1799 3132 ·.

545 3138 604 3218 pud
619 3140 720 3197 Iouam
729 3136 999 3219 prophetam,qnam
1006 3135 1162 3194 etatomni·
1246 3134 1283 3216 y)
1312 3137 1440 3202 Walton.
1456 3141 1611 3219 prolegom
1626 3141 1665 3218 X,
1678 3158 1707 3201 n.
1722 3159 1822 3222 apag.

547 3245 598 3285 um
611 3219 729 3284 sensibus
750 3227 951 3303 memoriaque
966 3224 1161 3282 inueteratum.
1203 3236 1243 3293 71.
1258 3221 1322 3280 citu.
1343 3223 1420 3293 med.
1448 3223 1580 3292 ¹Certum
1602 3226 1655 3299 eli,
1679 3227 1708 3285 in
1729 3230 1824 3295 omni.

545 3305 695 3373 Fadutell
706 3324 801 3372 tantus
814 3312 951 3388 tumulttu
962 3310 992 3369 in
1006 3305 1095 3387 plebe,
1106 3325 1163 3370 ma·
1204 3302 1258 3368 but
1269 3308 1413 3389 vulgatam
1429 3305 1550 3370 nonell'e
1563 3313 1743 3390 Hierrnymi,
1759 3329 1826 3374 narrt

476 3464 481 3475 ,
545 3391 1164 3481 ximemacnarguennbuadtinfl'ammau·
1206 3407 1304 3473 prater
1321 3392 1448 3473 psalmon
1473 3393 1567 3467 drea,
1595 3416 1656 3475 quae
1677 3393 1712 3458 ea
1743 3398 1827 3458 veteri

546 3479 623 3541 tibur
646 3485 817 3542 calumniam
835 3480 974 3557 falsitatis,
1004 3494 1034 3540 rt
1052 3499 1164 3563 eogere·
1207 3481 1335 3563 uulgata,
1356 3482 1401 3544 vel
1424 3500 1459 3541 er
1481 3480 1686 3544 Theodotione
1706 3482 1826 3550 addidit,

546 3560 754 3642 tur‘episeopua
774 3568 828 3641 (ea
845 3570 951 3645 quippe
968 3569 1067 3627 ciuitas
1085 3567 1164 3640 erat)
1208 3582 1238 3629 vt
1257 3568 1288 3626 in
1305 3565 1499 3630 additionibus
1512 3569 1548 3629 ad
1565 3569 1709 3628 Eliberam
1727 3566 1753 3622 dt
1768 3568 1826 3625 Da·

548 3649 710 3712 iudeorum
728 3647 921 3710 testimonium
942 3650 1079 3730 flagitare.
1123 3650 1165 3708 V·
1208 3654 1312 3708 nielem
1332 3652 1370 3710 ell
1389 3655 1496 3722 uidere,
1518 3653 1604 3708 etiam
1617 3653 1648 3707 in
1662 3650 1775 3726 reliquit
1789 3652 1826 3710 le·

548 3750 626 3795 trum
644 3748 740 3793 autem
766 3736 807 3792 illi
829 3725 1027 3813 imperitiam
1049 3731 1165 3806 malitia,
1208 3729 1264 3792 bris
1284 3732 1486 3814 ¹ubiquemulta
1501 3750 1668 3803 occurrunt,
1682 3753 1744 3812 qua
1756 3737 1825 3797 Hie·

548 3819 606 3882 hou
618 3814 671 3880 elle
685 3821 715 3880 iu
727 3817 853 3900 Hebrzis
869 3818 1035 3892 codicibut,
1054 3816 1167 3898 respon·
1201 3820 1326 3899 ronymi
1341 3838 1401 3880 non
1417 3816 1485 3895 else,
1506 3817 1622 3881 cuilibet
1642 3822 1748 3878 clarum
1772 3820 1828 3881 eli:

547 3909 667 3978 derunt,
683 3904 805 3985 quod&
821 3907 911 3967 Greci
925 3903 954 3965 dt
969 3903 1062 3966 latini
1079 3900 1167 3964 btbe·
1209 3923 1277 3965 nam
1298 3905 1331 3965 in
1362 3908 1465 3966 multia·
1487 3909 1621 3967 conuenit
1649 3925 1713 3965 cum
1740 3910 1828 3968 reteri

470 3999 472 4004 “
549 3992 621 4054 bant
639 3989 896 4073 atque-dicebaut.
962 3992 1041 4070 Qid
1084 3989 1166 4057 lutal
1209 3993 1287 4073 vulg,
1308 3987 1366 4050 siue
1389 3993 1471 4054 Lxx.
1498 3990 1546 4056 rbi
1579 3989 1667 4053 versuo
1693 3992 1760 4071 sept.
1789 3990 1828 4055 ab

551 4078 676 4143 Coaeltu
693 4077 731 4137 ell
749 4075 840 4138 bomo
854 4078 933 4139 velut
954 4077 1059 4138 mendo
1108 4091 1168 4136 tem
1209 4075 1298 4141 Hebt.
1307 4075 1420 4146 differta
1440 4076 1509 4158 sape
1523 4098 1588 4138 cum
1597 4082 1625 4139 T
1628 4078 1827 4158 lteod.Symm.

550 4164 709 4245 corrigere,
726 4165 823 4224 volem
836 4162 897 4242 post
911 4182 1047 4247 magnum
1059 4164 1168 4242 pericu·
1210 4168 1267 4242 Aq.
1283 4159 1425 4240 taepttnme
1442 4167 1527 4226 etiam
1542 4166 1619 4223 aliter
1633 4164 1730 4235 babet,
1742 4184 1829 4244 qnam

551 4251 614 4315 bam
632 4267 691 4308 nou
703 4268 846 4310 remanere
859 4247 917 4311 fine
934 4248 1023 4330 plebe.
1211 4251 1406 4330 Hieronymus
1427 4251 1457 4310 in
1485 4249 1621 4330 operibor
1644 4251 1699 4310 suia
1721 4267 1829 4311 venen·

594 4333 899 4416 x)Gtegor.M.epist.
914 4334 1082 4404 atlLetntlr.
1103 4346 1169 4396 ante
1210 4336 1281 4396 dum
1303 4333 1429 4395 censuit:
1468 4339 1542 4398 unde
1562 4356 1662 4415 puram
1685 4338 1828 4416 Hierony·

416 4467 421 4478 ,
550 4422 652 4493 moral,
662 4420 693 4480 in
709 4417 770 4481 lob.
785 4421 816 4482 in
829 4421 895 4491 line.
917 4424 1038 4484 Nouam
1051 4423 1170 4483 naum-
1211 4423 1253 4480 mi
1282 4438 1342 4480 non
1361 4418 1429 4502 elie,
1447 4421 1495 4487 sed
1512 4426 1651 4503 mixtam,
1684 4421 1766 4484 facile
1788 4419 1829 4484 est

550 4509 662 4573 tionem
679 4502 799 4593 differo,
822 4505 872 4573 sed
888 4525 974 4592 quun
994 4503 1170 4596 probamuu
1187 4575 1191 4582 ,
1210 4507 1354 4593 euuiger.
1685 4610 1715 4691 fi

1064 4645 1071 4660 '
1716 4634 1830 4692 onem
