4734 5442
617 562 661 611 ua
674 557 874 610 norrtannt
888 520 1081 635 ornaturae
1094 561 1242 630 urrann,
1259 563 1302 611 rer
1317 563 1397 621 rur.
1414 563 1653 620 tormonte.
1661 569 1742 626 are.
1790 555 1829 644 55

537 729 654 805 quem
677 701 918 800 summopere
939 700 978 798 r)
1006 698 1146 793 ltudat,
1168 700 1271 799 quod
1287 700 1329 780 fit
1351 708 1611 802 commaticus,
1636 708 1823 810 copiosus,
1918 739 1921 746 ·

466 857 480 886 η
535 806 673 902 dulcis,
697 804 813 881 elatus
832 802 871 878 dr
894 800 1079 901 quoslibet
1095 801 1234 901 lyricos
1249 801 1508 905 dithyrambos
1519 811 1725 890 amoenitate
1734 820 1825 915 poe·-

537 911 608 988 tica
630 906 668 984 dr
689 895 865 983 historica
886 902 1040 982 veritate
1069 901 1348 1005 luperemineut.
1424 932 1603 991 arvino
1628 913 1664 1012 ε)
1688 916 1728 990 in
1752 911 1830 992 suit·

535 1009 582 1088 ad
606 1010 708 1084 hunc
730 1007 857 1085 locum
873 1008 972 1086 notis
985 1004 1160 1084 eumdem
1180 1004 1252 1085 elle
1278 1009 1387 1105 dicit,
1411 1013 1475 1108 qui
1498 1011 1613 1093 hodie
1633 1017 1673 1090 in
1695 1013 1822 1090 btuur-

535 1123 587 1188 rio
605 1119 749 1188 Romano
769 1109 932 1212 legatur,
957 1107 996 1183 de
1016 1130 1133 1204 quum
1150 1108 1370 1206 chameleri,
1396 1135 1474 1209 quo
1489 1137 1574 1192 eum
1596 1138 1823 1194 sruourvs
1932 1157 1939 1178 ·

537 1213 748 1390 infiffniuit,
770 1208 1013 1310 respondeat,
1040 1233 1109 1286 nec
1130 1210 1241 1288 vllam
1264 1214 1479 1291 recentioris
1506 1215 1695 1294 cuiusdam
1720 1241 1823 1296 com·

538 1341 596 1419 po
627 1317 735 1392 tionis
751 1308 1046 1412 superstitionem
1059 1306 1137 1409 (vti
1152 1311 1306 1412 quidem
1320 1315 1380 1392 ille
1396 1315 1560 1416 hymnus
1587 1321 1707 1395 Vexillr
1723 1327 1820 1416 regis,

542 1439 767 1496 auanosro
789 1409 1026 1513 adfiguntur)
1052 1415 1259 1508 continent,
1282 1439 1362 1492 non
1382 1417 1540 1496 alienum
1565 1417 1612 1496 ab
1634 1445 1676 1498 re
1698 1420 1820 1516 fuerit,

542 1522 582 1596 in
602 1516 707 1594 vsum
737 1512 871 1593 eruditi
897 1511 1047 1590 lelioris
1071 1515 1111 1612 t)
1148 1512 1195 1592 ad
1230 1517 1438 1617 marginem
1464 1543 1549 1596 eum
1571 1520 1822 1599 transcribere.
1880 1589 1884 1594 .

539 1618 658 1724 Quod
681 1618 856 1720 liomnin¹
874 1616 912 1690 in
929 1612 1089 1690 breuiarir
1102 1621 1243 1692 Romam
1257 1615 1370 1694 ellent
1392 1619 1624 1716 huiusmodi,
1651 1643 1751 1701 certe
1773 1617 1822 1696 ud

535 1719 767 1802 vetustorum
782 1717 1015 1818 hymnorum
1034 1718 1210 1817 pietatem
1224 1718 1262 1794 dt
1274 1716 1541 1819 simplieitatem
1557 1725 1716 1825 propius
1729 1721 1821 1799 illud

537 1821 732 1901 accederet
760 1817 1015 1908 similitudine,
1040 1821 1214 1915 notisque
1237 1817 1307 1896 illis
1324 1818 1587 1923 superstitionis
1608 1849 1650 1901 ac
1666 1822 1820 1903 idolola-

536 1925 619 2006 triae
636 1922 795 1999 liberum
810 1919 936 2013 foret,
958 1918 1091 2017 quibus
1110 1943 1209 1996 nunc
1223 1919 1383 2009 laborat,
1411 1923 1503 2001 dum
1524 1923 1744 2004 'stoliditates
1766 1923 1822 2003 re·

534 2025 748 2106 centiorum
763 2018 1095 2122 superstitiosorum
1109 2019 1378 2101 admiratorum
1394 2025 1512 2103 cultus
1531 2034 1650 2101 Maria
1662 2028 1821 2130 virginis

537 2129 578 2208 &
594 2129 718 2205 crucis
739 2124 969 2200 intermixtas
990 2118 1117 2218 habet,
1139 2145 1213 2221 qua
1234 2126 1272 2199 in
1294 2147 1335 2201 re
1354 2125 1400 2200 nb
1425 2130 1575 2226 antiquo
1597 2129 1714 2206 cultus
1737 2127 1820 2204 rati·

535 2253 616 2310 one
633 2227 791 2304 nimium
814 2244 992 2323 quantum
1026 2222 1189 2314 aberrat,
1213 2222 1539 2305 &reformatione
1560 2231 1822 2327 maximopere

534 2329 694 2428 indiget.
745 2325 907 2402 Fuerunt
920 2324 1028 2400 multi
1048 2324 1107 2399 ulii
1121 2322 1255 2423 hymni
1272 2329 1311 2400 in
1337 2324 1443 2402 vsum
1458 2327 1689 2406 ecclesrtrum
1711 2328 1822 2428 parti·

579 2465 608 2544 r)
628 2464 671 2522 ld.
680 2459 728 2519 lib.
743 2461 796 2520 IV.
809 2457 886 2538 epill.
900 2461 951 2517 llL
973 2457 1036 2518 Iam
1050 2458 1157 2517 vetode
1201 2462 1314 2524 Damna
1333 2460 1405 2542 ligni
1426 2475 1456 2521 vt
1483 2461 1609 2532 solueret,

535 2549 654 2633 hymno
665 2541 1159 2624 tuosrpereuniieremuidsentiam,
1244 2547 1307 2606 Hoc
1324 2562 1396 2624 opua
1418 2544 1518 2611 nostra
1535 2549 1630 2611 lalutb
1690 2557 1695 2564 '

539 2630 791 2706 oommaticurell,
813 2627 962 2709 eopiosru,
981 2629 1089 2703 dulcit,
1105 2630 1159 2691 ela·
1202 2632 1283 2692 Ordo
1303 2630 1514 2712 depoposcerat,
1589 2623 1597 2630 ”

543 2735 605 2797 tua,
628 2718 659 2780 dr
675 2715 817 2801 quoslibet
835 2716 938 2797 lyricos
961 2713 1161 2796 dithyramboe
1202 2715 1390 2782 Multiformia
1413 2717 1569 2796 proditoria

539 2807 702 2872 amenitate
716 2804 832 2888 poetica
859 2799 1028 2864 &hill'orita
1042 2802 1161 2866 veritate
1203 2807 1259 2868 Art
1278 2817 1310 2864 vt
1329 2818 1417 2864 artem
1436 2804 1553 2882 laheret,
1636 2855 1639 2860 .

535 2895 735 2978 &pereminet
1125 2921 1127 2926 ·
1202 2892 1241 2952 Et
1264 2891 1401 2950 medelam
1423 2887 1504 2951 ferret
1522 2890 1602 2966 inde,

580 2982 611 3062 a)
632 2981 741 3044 strum
753 2978 785 3038 ln
796 2973 876 3038 hunc
893 2975 1000 3039 locum.
1041 2975 1100 3119 Οέῐ
1118 2992 1160 3034 ea-
1202 2975 1298 3039 Holllt
1318 2978 1395 3037 vnde
1416 2977 1530 3038 leserat.

540 3071 619 3132 nitur
630 3069 661 3128 in
675 3061 807 3136 toelefia,
828 3062 974 3125 dominica
986 3062 1017 3120 iu
1029 3079 1063 3141 pa
1086 3079 1160 3134 tone,
1245 3065 1372 3140 Qando
1391 3064 1470 3124 venit
1490 3081 1559 3148 ergo
1576 3057 1647 3128 sacti

540 3155 658 3216 nomint
673 3154 709 3215 ad
722 3151 835 3226 lauder,
855 3147 886 3209 dr
901 3148 1019 3226 incipit:
1051 3147 1159 3230 Pange,
1202 3151 1354 3210 Plenitudo
1372 3150 1518 3231 temporit,

541 3237 665 3324 bugu,
695 3234 808 3324 glm'ass
828 3232 964 3322 pralium
996 3234 1161 3297 carminis
1201 3232 1303 3298 Mill'us
1326 3235 1363 3295 ell
1379 3235 1415 3295 ab
1436 3229 1498 3297 arce
1519 3239 1581 3316 poli

540 3327 599 3392 stc.
1201 3325 1299 3392 Natus
1326 3320 1404 3384 orbis
1423 3323 1573 3383 eonditor:

584 3412 614 3492 t)
631 3412 752 3476 amru.
767 3412 888 3489 Roman.
907 3409 1018 3472 domin.
1031 3411 1069 3473 V.
1089 3428 1159 3491 qua·
1202 3414 1248 3472 Ac
1268 3409 1304 3468 de
1326 3421 1422 3467 ventre
1441 3406 1573 3488 virginali

538 3495 827 3584 dragetima,huein
841 3492 967 3575 palhone
982 3495 1111 3572 Domini,
1121 3497 1158 3557 ad
1203 3493 1280 3556 Caro
1302 3490 1390 3553 latius
1410 3492 1525 3568 prodiit.
1804 3551 1807 3558 ,

537 3588 725 3648 matutinam:
1247 3575 1444 3661 Vagitinlans
1466 3571 1638 3640 rutunda
1750 3615 1754 3628 ·

581 3673 678 3756 Pange
696 3672 795 3755 lingua
813 3664 930 3753 gloriola
1203 3665 1343 3727 Conditus
1363 3663 1506 3744 praesepia:

536 3761 672 3824 Preliutn
692 3759 870 3829 certaminis,
1203 3749 1335 3814 Membra
1356 3753 1457 3831 pannis
1476 3750 1606 3812 inuoluta

537 3847 576 3908 Et
597 3845 678 3926 super
698 3844 789 3905 aucit
810 3855 953 3914 tropeum
1202 3839 1296 3922 Virgo
1311 3852 1401 3897 nutet
1417 3839 1514 3922 alligat
1520 3858 1531 3912 3

538 3933 595 3994 nie
613 3929 793 4011 triumphum
815 3926 953 4004 nobilem,
1201 3925 1242 3988 Et
1263 3945 1364 3987 manua
1386 3924 1524 4004 pedesque
1544 3921 1575 3982 tr
1595 3939 1676 3986 crura

537 4019 665 4095 Qaliter
677 4019 820 4078 redemtor
841 4012 920 4077 orbia
1202 4010 1306 4074 Strifla
1328 4014 1419 4094 cingit
1435 4009 1524 4078 fascia.

539 4105 704 4165 immolam
729 4102 839 4170 viderit.
991 4127 996 4138 ·
1250 4098 1348 4159 Gloria
1368 4096 1396 4156 u
1414 4095 1507 4154 honor
1526 4093 1593 4154 Deo

582 4191 627 4252 De
650 4183 954 4276 parentitprotoplalli
1203 4181 1411 4263 Vsquequaque
1432 4177 1575 4253 altillrmo,

538 4277 650 4340 fraude
670 4274 762 4338 fatto
783 4274 951 4345 oondolena.
1205 4269 1272 4329 Vna
1294 4269 1364 4346 patri
1384 4266 1510 4346 filioque,

536 4367 667 4446 Qando
688 4364 771 4446 pomi
792 4362 915 4423 noxialia
1203 4355 1311 4416 Inclittt
1335 4355 1479 4434 paraclito,

534 4450 637 4514 Morsu
658 4453 689 4511 in
709 4464 836 4511 mortem
856 4445 971 4522 corruit,
1203 4440 1260 4504 cul
1281 4443 1342 4504 laur
1369 4440 1408 4503 ell
1434 4435 1603 4522 &potestat

533 4537 598 4622 lpse
616 4539 733 4628 liguum
753 4535 823 4602 hine
841 4534 966 4612 denuit,
1202 4529 1257 4592 l’et
1275 4541 1381 4595 eterna
1396 4527 1504 4597 secur.
1528 4531 1633 4595 nmen.

1731 4601 1825 4682 cula·
1910 4617 1913 4622 '
