4734 5442
307 695 310 704 ,
443 650 485 694 oe
501 644 648 695 orsrrarr
663 607 803 723 ornem.
813 647 912 696 circe
931 643 1058 696 uoovat
1074 645 1325 700 conserendis
1337 650 1467 700 rectas
1484 651 1736 730 eurique..a45

1448 755 1768 778 Μῃ-

404 793 407 798 ’
444 822 526 878 rant
543 827 703 902 eumque
720 783 920 881 effundant.
970 801 1145 880 Tametst‘
1157 806 1196 880 in
1209 805 1381 905 margine
1398 800 1622 881 adnotatum·
1636 807 1737 982 iffi«-

1672 929 1736 982 um

442 921 522 997 rur,
548 925 712 982 veterem
728 899 1029 981 consuetudinem
1048 901 1160 979 dandi
1179 926 1375 1005 veramque
1396 903 1557 1003 speciem
1573 903 1637 984 seo

439 1001 478 1078 in
493 1002 570 1081 aliis
585 1003 740 1083 ecclesiis
754 1005 952 1084 obseruari.
1002 1003 1044 1080 ln
1061 1009 1178 1106 Augila
1200 1003 1295 1084 adeo
1320 1025 1548 1108 propagatus
1571 1028 1651 1085 erat
1671 1003 1734 1084 hic

438 1106 925 1185 mixtorumelementorum
942 1102 1361 1202 vsus,vtcrsvmnvs
1374 1105 1447 1184 siue
1463 1129 1735 1186 annuus-rave

439 1204 638 1308 episcopus
650 1208 797 1308 lloffenfis
812 1230 868 1283 an.
882 1203 1047 1283 MCXX.
1062 1209 1211 1306 prolixe
1234 1232 1316 1285 eam
1337 1204 1554 1286 deienderet
1574 1206 1732 1308 epistole

440 1304 618 1404 quadam,
635 1332 656 1384 r
671 1333 781 1386 eves
806 1329 1041 1386 decussio
1062 1327 1155 1384 tom.
1172 1307 1428 1407 ll.spicilegii*)
1444 1307 1641 1409 publicata,
1667 1307 1733 1388 vbi

441 1406 630 1482 lambertus
643 1409 793 1507 quidem
803 1411 897 1486 hanc
908 1413 940 1486 ei
951 1406 1192 1508 quaestionem
1201 1409 1465 1510 propoiiterstz
1490 1407 1730 1490 carnositas·

440 1530 489 1584 na
503 1509 662 1588 ecclesiae
683 1509 909 1589 consuetudo
930 1508 1003 1585 alio
1020 1511 1058 1586 di
1075 1533 1171 1610 pene
1185 1510 1374 1587 contrario
1396 1511 1469 1587 ritu
1484 1510 1625 1589 ceoieat
1642 1531 1731 1612 por·

439 1611 515 1710 rigi
530 1634 669 1789 corpus
678 1611 922 1704 dominicum,
939 1634 1051 1710 quom
1061 1635 1082 1687 a
1092 1608 1261 1688 Domino
1275 1612 1317 1686 in
1332 1633 1436 1687 crena
1449 1608 1636 1709 discipulis
1651 1609 1729 1692 fue·-
1851 1644 1854 1654 ·

440 1710 491 1786 rit
503 1707 605 1789 distri
629 1734 745 1790 utum.
798 1711 840 1790 ld
865 1713 966 1789 enim
985 1709 1143 1789 ecclesiae
1157 1711 1414 1810 quotidianum
1438 1709 1667 1812 protendere
1687 1735 1729 1790 v·

441 1806 534 1908 lum,
544 1835 586 1889 vt
596 1814 774 1891 tribuatur
790 1811 906 1892 hostia
923 1811 1099 1912 sanguine
1111 1811 1280 1909 intinila,
1330 1837 1419 1888 trum
1435 1835 1456 1888 a
1470 1809 1639 1898 Domino
1655 1813 1730 1915 pri:

439 1935 484 1990 ue
500 1937 661 2015 corpus,
685 1914 820 1993 deinde
843 1915 989 2015 sanguis
1013 1912 1212 2011 porredlus
1233 1912 1285 1989 fui
1316 1939 1337 1989 e
1360 1916 1626 1991 memoretur?
1663 1913 1727 1991 nd

441 2037 554 2112 quam
576 2015 819 2114 questionem
845 2037 1110 2093 nauvuenvs
1128 2011 1349 2114 respondet:
1375 2012 1459 2091 Effe
1478 2014 1573 2091 hanc
1586 2013 1730 2096 remde

441 2137 568 2193 earum
584 2117 712 2210 censu,
739 2141 822 2216 quae
839 2118 971 2192 murari
985 2112 1137 2215 poffint,
1162 2114 1333 2213 adeoque
1348 2114 1434 2192 licet
1446 2113 1538 2192 olim
1555 2114 1639 2192 dure
1651 2116 1730 2217 spe·

442 2219 516 2293 cies
537 2220 697 2316 panisar
714 2221 791 2294 vini
805 2217 997 2318 leparatim
1010 2214 1104 2292 detae
1121 2216 1211 2310 fint,
1230 2216 1304 2293 hoc
1317 2237 1441 2294 tamen
1452 2233 1626 2318 tempore
1643 2239 1732 2316 por·

440 2318 473 2393 ri
503 2316 632 2393 isimul
646 2322 797 2414 mixtas,
821 2314 978 2413 nequid
999 2318 1122 2402 minus
1143 2316 1319 2395 decenter
1335 2314 1409 2392 fiat.
1455 2317 1563 2411 „Nos
1578 2339 1730 2395 carnem

439 2343 637 2517 ,lffominss
653 2421 792 2520 inquit,
811 2419 1054 2520 intinguimus
1075 2422 1114 2497 in
1132 2418 1308 2522 sanguine
1326 2416 1500 2510 Domini,
1529 2442 1578 2495 ne
1597 2416 1731 2522 accipi·

440 2521 566 2616 „entes
593 2519 668 2601 siue
690 2522 930 2624 porrigentes
962 2543 1181 2620 peccemus,
1207 2543 1287 2597 non
1308 2519 1429 2597 habita
1457 2517 1556 2600 forte
1577 2544 1662 2599 corn

437 2626 556 2719 „tenti
575 2623 711 2719 ceutela
727 2624 765 2699 in
783 2623 885 2701 labiis
906 2621 945 2699 &
969 2622 1137 2700 manibus
1160 2620 1305 2701 nostris.
1381 2621 1516 2701 Euenit
1536 2624 1635 2699 enim
1694 2645 1729 2702 e·

441 2745 642 2823 ‚,quenter,
669 2747 710 2804 vt
735 2724 895 2817 barbari,
919 2723 957 2800 dt
983 2725 1154 2824 prolixos
1172 2724 1349 2801 hebentes
1368 2746 1528 2824 granos,
1550 2724 1643 2802 dum
1662 2747 1732 2824 po·
1819 2755 1825 2766 ’
1865 2823 1868 2830 Ι

444 2828 590 2923 „culum
604 2827 699 2904 inter
715 2826 841 2928 epulas
855 2825 1012 2916 sumunt,
1027 2826 1130 2925 prius
1146 2825 1291 2918 liquore
1306 2823 1405 2924 pilos
1421 2821 1602 2919 inficiant,
1616 2845 1732 2921 quent

442 2931 524 3025 „ori
540 2929 727 3025 liquorem
743 2922 948 3004 infundant.
1000 2925 1029 3001 li
1047 2921 1297 3002 successerint
1318 2923 1364 3000 ad
1384 2925 1515 3018 altare,
1542 2924 1732 3022 liquorem

442 3029 629 3126 „fandum
643 3030 816 3121 bibituri,
841 3024 1038 3127 quomodo
1063 3026 1269 3128 periculum
1290 3024 1454 3105 deuitare
1476 3033 1731 3127 poterunt-in·

442 3156 521 3228 ,ter
550 3130 827 3230 accipiendum,
854 3127 1054 3227 quomodo
1074 3150 1254 3230 vterque,
1286 3129 1469 3228 accipiens
1497 3115 1732 3209 videlicet&

442 3236 685 3331 „porrigens,
705 3228 886 3333 effugient
900 3228 1042 3331 grande
1054 3231 1270 3332 peccatum?
1292 3232 1475 3309 Praeterea
1491 3227 1516 3305 fi
1530 3231 1728 3320 imberbes,

443 3337 505 3431 „dt
533 3330 607 3409 fine
633 3336 778 3432 granis,
809 3353 870 3409 aut
895 3330 1085 3420 mulieres,
1116 3333 1162 3409 ad
1186 3330 1398 3410 sumendam
1423 3333 1731 3424 communionem

443 3433 626 3534 „lindiam
650 3436 890 3523 conueniant,
927 3435 1010 3529 quis
1037 3430 1268 3509 sacerdotum
1331 3433 1443 3508 oterit
1468 3452 1543 3508 tem
1568 3431 1731 3535 prouide

443 3532 690 3635 ,‚miniiirare,
717 3553 790 3609 rom
815 3551 920 3609 caute
943 3533 1091 3611 calicem
1115 3533 1268 3611 Domini
1316 3530 1587 3627 istribuere,¹ut
1608 3535 1734 3616 multis

444 3663 552 3736 „eum
567 3635 774 3738 singulatim
785 3631 943 3727 diuidat,
966 3632 1135 3714 diuidens
1149 3634 1198 3712 sic
1218 3637 1256 3712 in
1274 3659 1340 3712 ore
1363 3658 1496 3712 eorum
1519 3632 1668 3736 fundar,
1692 3659 1736 3719 vt
1835 3669 1844 3688 ¹

444 3741 664 3839 „infundens
679 3737 770 3814 nihil
792 3731 992 3812 effundat?
1033 3740 1142 3839 Saepe
1168 3738 1268 3816 enim
1295 3735 1384 3812 dum
1406 3735 1470 3812 sibi
1493 3735 1561 3815 soli
1579 3738 1732 3820 calicem
1841 3776 1843 3780 ’

445 3841 662 3942 „infundere
676 3839 858 3939 diiponir,
887 3842 1118 3940 negligentia
1138 3864 1199 3917 aut
1219 3839 1468 3939 imprudentia
1485 3837 1658 3930 faciente,
1682 3837 1734 3920 ef·‘

445 3947 621 4045 „fusionis
648 3942 853 4043 periculum
882 3940 1057 4020 incurrit:
1104 3965 1244 4042 quanto
1270 3941 1409 4020 facilius
1437 3940 1733 4024 inmulritudine

446 4047 593 4149 „posito
619 4045 816 4136 sacerdoti,
855 4042 980 4120 multis
1010 4043 1234 4120 diueriarum
1262 4041 1470 4118 formarum
1495 4040 1733 4145 ministranti,

446 4169 689 4252 „contingere
713 4141 852 4244 potest,
882 4143 981 4222 vnde
998 4147 1161 4245 grauiter
1191 4141 1376 4236 offendat,
1404 4140 1503 4220 vnde
1525 4166 1609 4220 eum
1632 4146 1732 4264 eipe-

447 4278 549 4354 „ram
573 4251 823 4349 penitentiam
845 4269 957 4350 agere
977 4247 1185 4349 oporteat?
1223 4245 1287 4322 Ne
1308 4269 1404 4346 ergo
1428 4243 1635 4343 polluamus
1658 4249 1733 4325 ian·
1828 4243 1832 4253 '

447 4377 623 4459 „guinem
646 4353 776 4444 nollrae
798 4347 1061 4440 redemtionis,
1088 4373 1134 4425 ne
1153 4368 1340 4447 tamquam
1354 4349 1551 4449 impietatis
1569 4352 1736 4428 manibus

451 4495 1735 4737 WQNJMOEU
