4734 5442
546 566 611 641 166
780 563 957 637 aaronem
981 557 1314 634 caecamirrcrnrn'
1340 558 1569 639 trarirn'e'rr‘.
1591 572 1638 639 m

546 679 1817 713 W

410 744 416 752 “
446 811 452 828 ,
549 728 707 821 ceffitas,
732 726 769 798 in
786 722 957 821 populari
972 719 1157 793 concione
1172 720 1204 810 Ι)
1221 717 1416 794 traiiandae
1434 719 1512 796 sint.
1574 720 1638 797 Ob
1651 722 1821 799 eamdem

546 826 721 917 caulium,
745 820 1078 920 qui-perspicuitati
1099 816 1293 893 studeat&
1317 818 1528 910 euidentiae‚
1550 823 1739 923 negligere
1761 823 1822 897 ali-

545 925 695 1028 quando
713 922 825 999 verba
841 921 1015 1012 cultiora,
1040 942 1108 995 nee
1123 940 1269 1008 curare,
1285 916 1375 1014 quid
1394 919 1488 996 bene
1505 919 1630 1013 sonet,
1652 921 1712 997 sed
1729 920 1820 1018 quid

543 1029 642 1105 bene
663 1025 800 1101 indicet
828 1044 937 1117 atque
964 1016 1123 1095 declaret
1152 1014 1398 1108 audientibus,
1428 1017 1533 1115 quod
1554 1019 1745 1099 ostendere
1768 1025 1821 1095 in·

544 1127 680 1208 tendat.
732 1121 821 1199 Dari
847 1121 945 1196 enim
968 1116 1165 1216 quamdam
1192 1113 1406 1289 diligentem
1436 1119 1720 1219 negligentiam,
1746 1122 1822 1197 hoc

533 1232 586 1306 in
607 1226 686 1302 calu
709 1240 964 1321 opportunam
992 1218 1030 1294 dt
1058 1238 1250 1292 accommo
1280 1236 1374 1290 atam
1396 1216 1638 1297 ecclesiasticis
1660 1218 1823 1299 dodori-

544 1330 632 1418 bus,
648 1346 743 1423 quos
759 1340 1042 1414 nonnumquam
1063 1317 1274 1414 improprie
1288 1315 1392 1413 loqui
1406 1336 1598 1413 oporteat,
1622 1319 1648 1393 st
1670 1344 1689 1395 a
1706 1323 1821 1421 vulgo

542 1426 698 1525 intelligi
711 1423 814 1498 aliter
829 1442 907 1494 non
927 1416 1071 1517 poffint.
1148 1419 1217 1508 lta,
1242 1414 1403 1514 exempli
1425 1411 1554 1502 caulla,
1581 1418 1618 1488 in
1642 1418 1755 1514 Africa
1776 1420 1821 1520 os-

538 1524 615 1629 ficm
634 1548 706 1625 pro
721 1550 755 1596 os
774 1519 1057 1597 concionatores
1076 1513 1199 1592 dicere
1223 1512 1340 1689 sqpere
1360 1534 1474 1592 notat.
1549 1519 1604 1610 Si,
1624 1518 1742 1615 inquit
1763 1528 1820 1615 m),

543 1654 606 1703 non
613 1634 720 1730 piguit
737 1619 842 1694 dicere
856 1629 1045 1722 interpretes
1065 1619 1198 1714 nostros:
1283 1641 1322 1687 en
1340 1613 1526 1716 congregabo
1540 1624 1756 1691 conuenticnla
1771 1650 1820 1694 ce·
1929 1629 1932 1633 ’

544 1753 621 1806 rum
635 1718 920 1823 defirngniniiru:
956 1727 1105 1818 quonium
1124 1713 1288 1814 [referrent
1307 1715 1352 1787 ad
1364 1740 1434 1788 rem
1446 1725 1608 1817 pertinere
1614 1769 1626 1808 ,
1650 1738 1688 1788 nt
1708 1746 1741 1791 eo
1757 1725 1818 1793 loco

542 1830 715 1936 pluraliter
729 1832 953 1895 enuntiaretur
966 1823 1021 1893 hoc
1035 1843 1165 1906 nemen,
1192 1817 1278 1916 qued
1291 1826 1328 1888 in
1344 1822 1459 1888 latinu
1473 1819 1583 1917 lingue
1598 1822 1816 1894 tantummodo
1891 1809 1894 1818 ¹

535 1932 743 2030 frngrelatiter
753 1923 892 1997 dicitur:
917 1946 975 1992 cur
979 1927 1112 2022 pietatis
1125 1920 1283 1990 nitorem
1290 1926 1402 2014 pigeat
1414 1926 1576 2014 imperitis
1583 1921 1760 2018 loquentem
1768 1920 1812 2014 ef·

537 2028 614 2131 firm
623 2036 732 2130 potirer
745 2050 841 2123 quant
856 2020 1025 2108 aedicere,
1043 2046 1083 2092 ne
1097 2020 1152 2115 isla
1160 2014 1277 2115 flluba
1290 2044 1351 2117 non
1368 2014 1407 2089 ab
1422 2044 1457 2088 eo
1466 2069 1476 2109 ,
1486 2015 1735 2121 quodficntoffir,
1757 2020 1819 2116 secl

454 2205 457 2214 ,
544 2129 584 2205 ab
597 2158 643 2224 eo,
658 2121 1129 2225 quedsrenteruintcliigantur,
1144 2044 1200 2190 vd
1205 2119 1295 2208 Al'rae
1307 2144 1401 2192 aures
1411 2117 1452 2190 de
1459 2128 1652 2217 correptione
1664 2123 1819 2193 vocalium

544 2233 598 2305 vei
604 2226 811 2327 perduellione
824 2249 886 2295 nen
903 2222 1058 2293 indicunt.
1116 2218 1212 2315 ,Quid
1228 2228 1313 2291 eninr
1321 2218 1442 2319 prodest
1455 2220 1622 2292 locutionis
1635 2229 1818 2320 integritus,

544 2356 642 2432 quum
657 2353 719 2399 nen
725 2323 877 2423 sequitur
889 2321 1061 2392 intelleline
1073 2320 1257 2407 audientis,
1271 2345 1370 2418 qrcunr
1385 2320 1534 2418 loquendi
1547 2329 1674 2393 enectine
1689 2324 1820 2417 nnllafit
1929 2313 1932 2317 Α

544 2427 642 2532 eaufflr
651 2479 661 2514 ‚
668 2428 699 2522 fi
708 2424 794 2523 quod
806 2426 968 2522 loquimur
979 2445 1041 2491 non
1055 2421 1255 2513 irrteliigunt,
1268 2439 1397 2521 propter
1411 2445 1490 2518 quor
1504 2442 1543 2493 art
1558 2424 1754 2517 intelligant,
1776 2426 1821 2495 le·

529 2531 699 2634 -qne'muri
733 2523 780 2598 Et
796 2522 889 2596 hanc
904 2519 1017 2617 ipsam
1037 2518 1089 2595 ob
1102 2517 1259 2593 caulium
1272 2519 1347 2596 sine
1360 2518 1474 2597 dubio
1497 2541 1554 2597 tot
1575 2520 1735 2617 Africana
1757 2523 1822 2599 lin·

543 2651 629 2732 guae
644 2619 816 2698 idiotismi
833 2623 869 2695 in
890 2618 1033 2716 scriptis
1064 2642 1317 2694 avovsrrnr
1340 2621 1593 2719 reperiuntur,
1622 2624 1706 2718 quia
1725 2648 1819 2699 non·

543 2746 749 2823 numquam
763 2746 783 2795 a
797 2720 1033 2822 grammatica
1048 2718 1205 2816 puritate
1225 2718 1263 2795 dr
1287 2723 1516 2818 proprietate
1539 2720 1676 2820 linguae
1702 2728 1820 2799 terrm

544 2825 756 2915 delebere,
779 2845 889 2918 quam
910 2820 954 2897 ab
970 2818 1195 2895 auditoribus
1211 2816 1278 2896 suis
1292 2843 1369 2896 non
1393 2818 1548 2919 intelligi
1561 2822 1697 2897 maluit.
1773 2824 1822 2897 Et

503 2992 505 2997 .
543 2929 625 3007 hac
648 2946 725 3004 erat
750 2922 935 2999 laudabilis
964 2919 1022 2995 illa
1045 2921 1355 2996 concionatorum
1388 2916 1435 2993 ad
1456 2920 1559 3019 vulgi
1586 2942 1736 3016 captum
1765 2945 1820 2996 ac·

544 3024 823 3115 commodatio,
843 3022 931 3097 tanti
951 3018 1122 3093 aestimata
1142 3018 1347 3111 veteribus,
1370 3018 1434 3115 qui
1449 3021 1611 3115 primum
1627 3020 1665 3095 dt
1694 3022 1822 3119 praeci·

479 3173 485 3190 ·
544 3150 663 3230 puum
682 3120 849 3198 doctoris
864 3117 1021 3194 ecclesiae
1043 3115 1205 3192 officium
1227 3113 1298 3193 elle
1317 3115 1533 3208 credebant,
1559 3121 1607 3193 ita
1630 3118 1752 3219 loqui,
1779 3144 1821 3202 vt

542 3229 588 3308 ab
610 3220 837 3303 auditoribus
860 3217 931 3295 suis
950 3217 1202 3316 intelligatur·
1230 3213 1338 3291 *Hoc
1353 3215 1422 3312 est,
1443 3218 1547 3316 quod
1564 3221 1602 3294 in
1624 3245 1822 3300 areana·

544 3353 615 3410 sio
647 3344 842 3422 tantopere
863 3317 983 3397 laudat
1008 3339 1326 3412 nazianzenus
1351 3323 1403 3409 n),
1436 3318 1539 3416 quod
1569 3320 1688 3398 illlum
1717 3324 1821 3399 suum

431 3429 436 3436 ’
543 3427 730 3508 auditorio
753 3421 818 3502 suo
846 3420 895 3497 ita
925 3415 1282 3510 accommodauerit,
1312 3436 1372 3512 vt,
1400 3416 1537 3496 ficum
1565 3420 1820 3500 humilioribus

544 3524 613 3624 ipfi
631 3524 834 3608 resinent,
858 3520 904 3594 ad
918 3544 1049 3598 eorum
1064 3537 1213 3691 captum
1227 3515 1264 3592 se
1284 3515 1480 3612 demiserit,
1499 3517 1525 3595 fi
1541 3545 1623 3597 cum
1639 3522 1819 3600 sublimio·

541 3624 579 3701 ri
593 3640 717 3696 mente
733 3614 914 3713 praeditis,
928 3616 1032 3691 altius
1054 3617 1098 3692 ad
1118 3621 1306 3695 urrexeri't.
1375 3618 1424 3696 Et
1439 3643 1532 3696 vnus
1549 3620 1698 3717 quidem
1720 3613 1820 3694 casus

503 3757 505 3762 ·
543 3740 640 3803 erat,
662 3717 700 3791 in
715 3739 792 3813 quo
809 3712 995 3791 obscurius
1010 3716 1115 3814 loqui
1135 3715 1383 3815 adfestabanq
1411 3716 1438 3791 fi
1464 3720 1638 3793 nimirum
1657 3715 1703 3793 ad
1730 3742 1820 3796 con·

542 3904 875 3931 unna-¹·-

589 4026 616 4103 l)
639 4016 759 4105 August.
772 4014 840 4077 ibid.
862 4032 886 4075 c.
898 4011 946 4074 ill.
988 4014 1062 4075 Sunt
1084 4038 1163 4098 quaa·
1202 4035 1271 4104 get,
1298 4022 1343 4085 vel
1366 4037 1518 4102 numquam
1538 4018 1658 4080 omnino
1683 4021 1821 4085 mittenda

547 4109 629 4182 dam,
649 4127 709 4186 qua
728 4105 773 4166 sua
786 4106 813 4167 ui
827 4120 885 4162 non
898 4100 1101 4185 intelliguntur,
1116 4118 1163 4169 aut
1205 4107 1278 4167 sunt.
1293 4171 1296 4178 ,

548 4195 598 4256 vix
616 4192 825 4270 intelliguntur,
845 4186 1023 4269 quantolibet
1038 4187 1162 4268 &quan
1246 4191 1293 4272 m)
1311 4188 1385 4254 ibid,
1403 4211 1427 4260 c.
1438 4171 1475 4254 d.

550 4274 693 4347 tumlibet,
722 4275 850 4353 quamuis
867 4268 1043 4353 planisrss'tmc
1069 4277 1164 4337 dicen·
1246 4275 1283 4354 n)
1308 4279 1385 4344 Naz.
1399 4294 1467 4337 orat.
1483 4280 1556 4339 xxi.
1571 4278 1606 4340 de
1626 4281 1701 4340 laud.
1717 4278 1819 4350 Athen.

550 4365 587 4424 tia
611 4359 748 4420 versentur
774 4360 904 4438 eloquio,
929 4377 990 4439 quae
1015 4362 1045 4418 in
1067 4364 1164 4440 populi
1206 4365 1304 4440 239⁶·
1326 4358 1473 4438 πιζδςτοῒς
1490 4369 1691 4445 camliacinse,
1715 4364 1819 4439 idaei-

548 4445 742 4528 audientiam,
764 4444 809 4510 rel
835 4461 915 4520 raro,
944 4442 965 4504 ir
990 4447 1097 4529 aliquid
1120 4465 1163 4514 rr·
1205 4463 1275 4525 rigae
1290 4459 1342 4512 cns
1357 4454 1556 4533 petrosisque,

1744 4548 1818 4625 cio·
