4734 5442
425 579 430 586 ·
504 584 562 652 χο-
751 570 926 638 onromru
950 571 1276 628 rccmnsnoanuu
1297 570 1361 622 tn.
1374 569 1442 623 ιιι.
1460 574 1529 628 car.
1550 575 1579 632 ι.·

505 673 1820 714 W

508 737 557 818 de
576 727 748 840 srn'pulari
772 729 937 833 quodam
965 729 1106 833 psalmo
1127 731 1314 832 loquitur,
1340 759 1454 831 quem
1485 723 1621 812 iuss‘etit
1644 761 1665 812 a
1690 731 1833 814 ledore

508 844 669 933 cantari,
693 835 904 915 sermonem
927 835 967 911 in
986 857 1074 912 eum
1105 832 1310 912 habiturus:
1366 835 1558 932 Dicitque,
1582 835 1745 926 accidille
1772 835 1834 912 ali.-

509 937 686 1044 quando,
709 959 751 1014 vt
771 935 891 1014 lestot
918 959 986 1035 per
1008 958 1178 1014 errorem
1204 931 1392 1034 propositi
1408 931 1536 1035 psalmi
1555 936 1642 1014 loco
1660 936 1770 1014 alium
1785 936 1833 1014 le·

543 1061 642 1139 eret,
672 1033 837 1120 ¹maluisse
869 1040 983 1138 igitur
1013 1034 1050 1113 se
1075 1037 1114 1112 in
1140 1058 1271 1113 errore
1298 1033 1449 1113 ledoris
1478 1032 1577 1132 sequi
1608 1033 1838 1112 voluntatem

507 1066 605 1237 ἢεί,
631 1163 743 1237 quam
771 1134 870 1212 suam
896 1139 934 1210 in
958 1135 1024 1214 suo
1051 1133 1267 1235 proposito,
1290 1136 1461 1235 adeoque
1484 1137 1696 1212 sermonem
1729 1136 1841 1212 habu·

513 1241 577 1322 ille
592 1240 639 1318 de
652 1236 887 1337 hoc-psalmo
908 1238 1202 1336 extemporalem
1222 1235 1268 1312 ad
1289 1239 1482 1337 populum.
1558 1235 1678 1337 Qtod
1699 1233 1726 1310 ss
1750 1259 1841 1332 quo·

546 1366 591 1419 ue
612 1337 986 1432 confiderauerimtts,
1009 1358 1154 1416 veteres
1170 1335 1356 1416 interdum
1370 1339 1538 1439 integros
1555 1335 1842 1436 propemodum

470 1497 477 1508 ·
516 1370 596 1520 dies
616 1466 658 1516 ac
676 1438 805 1516 nostes
827 1436 986 1539 psalmos
1004 1437 1186 1516 cantando
1209 1435 1439 1536 transegille5
1473 1435 1652 1537 (quando
1677 1438 1842 1540 exempli

518 1539 652 1633 cauffo,
676 1548 810 1616 Arianis
837 1538 1014 1614 militibus
1036 1535 1221 1616 ecclesiam
1245 1537 1398 1636 Ambrofii
1424 1537 1694 1628 oblidentibus,
1722 1563 1844 1639 popu·

518 1643 576 1722 lus
597 1643 781 1744 integram
796 1639 958 1739 ,nostem
977 1640 1015 1718 di
1039 1638 1138 1716 diem
1158 1639 1201 1739 c)
1236 1638 1382 1740 psalmis
1397 1637 1591 1714 insumstsse
1610 1639 1766 1738 dicitur)
1792 1638 1841 1716 fa·
1881 1728 1884 1734 .

520 1745 590 1821 cile
613 1743 659 1819 ad
679 1740 930 1843 colligendum
958 1738 1028 1833 est,
1053 1738 1156 1839 quod
1177 1738 1382 1817 istiusmodi
1404 1740 1637 1838 temporibus
1658 1738 1753 1816 haud
1775 1738 1839 1818 sta·

520 1864 582 1922 tos
595 1869 636 1920 ac
651 1842 772 1934 fixos,
800 1840 861 1919 sed
886 1838 1068 1918 eiusmodi
1087 1838 1244 1939 psalmos
1262 1845 1504 1927 cantauerint.
1528 1865 1624 1940 quos
1644 1839 1843 1942 episcopus

521 1945 534 2020 i
565 1942 608 2021 sis
623 1966 703 2022 tum
719 1942 779 2020 vel
794 1940 1073 2043 praescripserit,
1095 1941 1159 2018 ¹vel
1182 1963 1281 2017 certe
1301 1966 1373 2040 pro
1397 1965 1530 2017 eorum
1545 1941 1696 2018 arbitrio
1715 1945 1844 2031 canen?

551 2068 594 2123 os
621 2042 836 2145 permiserit.
908 2041 1099 2118 Interdum
1124 2039 1198 2139 ipse
1220 2040 1338 2118 ledor
1363 2042 1540 2140 psalmum
1561 2042 1737 2143 eligebat,
1754 2067 1845 2142 pto·

522 2167 565 2222 ut
584 2169 719 2224 rerum·
734 2141 919 2222 necelsrtas
938 2140 1072 2236 ferret,
1099 2142 1159 2218 vel
1179 2139 1366 2219 instindius
1388 2167 1473 2222 eum
1496 2142 1656 2221 duceret.
1708 2145 1847 2223 ltanv·

523 2268 757 2324 uvsrrnvs
780 2246 818 2319 in
840 2242 993 2320 homilia
1007 2241 1172 2345 'quadam
1194 2244 1236 2337 d)
1259 2265 1552 2335 commemorat,
1577 2241 1683 2340 quod
1697 2246 1735 2321 in
1757 2245 1847 2346 psal·

522 2371 630 2422 mum
658 2347 818 2440 aliquem
849 2341 1090 2415 concionatus
1118 2340 1179 2430 stt,
1217 2364 1330 2437 quem
1358 2365 1437 2417 non
1464 2342 1598 2419 ledtori
1626 2346 1846 2424 cantandum

509 2443 781 2544 imperauerit,
811 2435 871 2516 sed
905 2461 1019 2538 quem
1053 2437 1155 2517 Deus
1190 2441 1306 2517 menti
1341 2440 1435 2520 illius
1475 2439 1692 2546 suggellerit
1722 2445 1848 2548 legen·

524 2543 638 2638 dum,
659 2540 760 2621 vnde
774 2539 821 2616 de
835 2541 1051 2641 poenitentia
1077 2536 1218 2640 ueceile
1241 2541 1411 2621 habuerit
1435 2539 1578 2637 dicere,
1600 2545 1717 2646 ⁵quum
1736 2546 1848 2634 fuerit

518 2643 685 2750 'psalmus
701 2638 1025 2742 quinquagesimus
1039 2643 1201 2743 primus,
1219 2639 1293 2718 fiue
1308 2644 1583 2743 poenitentialis,
1600 2671 1713 2750 quem
1727 2648 1848 2729 ledor

556 2771 601 2824 to
623 2744 797 2822 arbitrant
821 2741 905 2835 suo,
927 2741 988 2819 vel
1010 2743 1136 2844 potius
1156 2743 1242 2821 Deo
1268 2741 1317 2819 fic
1339 2743 1543 2847 dirigente,
1574 2749 1717 2850 legerit.
1778 2751 1847 2830 Hi·

524 2769 677 2926 dariam
697 2865 905 2924 memoratu
925 2841 1097 2944 dignam,
1123 2869 1206 2944 quae
1226 2847 1266 2920 in
1280 2869 1359 2922 rem
1372 2846 1591 2948 presentem
1611 2851 1713 2946 facit,
1739 2854 1778 2928 in
1793 2856 1846 2931 ιιὶ·Ι

522 2962 564 3026 ra
581 2956 727 3023 Μινιὶηι·
745 2945 1106 3023 habet-svarrcrvs
1130 2969 1323 3026 savravs
1348 2950 1409 3046 e).
1483 2949 1625 3032 Narrat
1642 2952 1846 3049 ibiauelor,

527 3049 652 3150 quod,
673 3073 790 3148 quum
815 3054 986 3122 Martinus
1003 3046 1195 3147 eligendus
1216 3045 1302 3146 ellet
1321 3046 1536 3151 episcopus,
1559 3058 1654 3133 inte'r
1673 3053 1846 3135 antistites

526 3169 606 3229 tum
628 3148 825 3253 praesentes
839 3149 1025 3251 praecipue
1046 3143 1201 3251 Defensor
1215 3147 1366 3249 quidum
1379 3155 1534 3234 nomine
1545 3156 1721 3238 restiterit.
1773 3159 1846 3249 Aes

526 3345 1849 3383 Μ*

525 3464 605 3545 legit.
670 3472 812 3528 Malumua
827 3488 880 3530 nor
893 3472 924 3528 in
941 3487 1032 3532 errore
1056 3468 1165 3531 ledorie
1208 3467 1315 3530 trinitus
1332 3467 1467 3535 iubemur.
1495 3471 1588 3556 (Not.
1606 3495 1668 3559 quae
1687 3479 1846 3564 sequuntur,

524 3549 788 3630 [equivoluntatem
804 3555 874 3624 Dei,
893 3572 977 3630 quam
997 3555 1117 3610 nollram
1134 3559 1165 3612 in
1208 3555 1307 3616 absunt
1318 3557 1347 3617 in
1366 3561 1491 3621 editione
1507 3559 1679 3641 Basileenli)
1741 3569 1848 3646 Neque
1896 3573 1903 3580 .

525 3634 621 3698 nostro
635 3635 785 3717 proposito.
849 3637 918 3701 Vid.
932 3635 1076 3715 Augustin.
1095 3653 1167 3712 pra:-
1207 3641 1285 3694 enim
1301 3643 1445 3700 nutilium
1463 3643 1598 3717 psalmum
1616 3649 1786 3709 cantandum
1805 3652 1848 3708 le.

526 3719 577 3782 far.
590 3726 620 3784 in
640 3725 736 3804 psalm.
752 3723 850 3784 XXXI.
870 3721 920 3801 (p.
930 3726 983 3792 186.
997 3739 1023 3782 c.
1035 3718 1100 3778 edit.
1116 3723 1165 3780 Ba·
1208 3719 1278 3779 &ori
1289 3722 1505 3799 imperauimus:
1524 3728 1567 3787 sed
1582 3733 1661 3809 quod
1675 3735 1722 3794 ille
1739 3734 1848 3794 censuit

525 3803 588 3888 sil.)
652 3815 732 3871 iluna
751 3807 884 3888 psalmum
905 3808 941 3866 ad
962 3825 1025 3866 eam
1044 3809 1165 3887 gratiam
1207 3805 1290 3867 nobis
1318 3810 1384 3867 vtile
1406 3812 1443 3870 ad
1471 3814 1661 3890 audiendum,
1692 3819 1748 3880 hoc
1765 3821 1845 3881 cordi

524 3897 681 3976 pertinere,
706 3917 760 3978 qua
775 3893 914 3956 christiani
927 3893 1036 3963 sumus,
1055 3891 1166 3952 testatur
1209 3893 1295 3953 etiam
1311 3896 1409 3971 puerili
1421 3899 1579 3974 imperauit.

524 3981 564 4041 eil
585 3985 724 4061 apollolns
746 3985 859 4052 Pnttlur,
876 3979 950 4040 unde
967 3978 1056 4060 ipjem
1073 3975 1167 4040 let‘lr't-
1253 3979 1283 4058 e)
1305 3979 1408 4056 Sulpic.
1425 3986 1517 4052 Seuer,
1535 3987 1584 4048 vit.
1601 3989 1715 4052 Mattio.
1732 4009 1757 4053 c,
1777 3991 1845 4056 νη,

525 4085 591 4129 nem
604 4070 680 4132 nobis
689 4069 746 4152 legi
758 4067 906 4132 nouimus.
1208 4085 1236 4144 p.
1251 4086 1303 4142 ²²5·
1325 4068 1365 4144 (c,
1375 4069 1419 4128 lX.
1429 4089 1514 4149 ntu-
1525 4073 1671 4155 edit.Lips.
1686 4079 1846 4143 mucelli.

525 4159 527 4164 .
567 4159 599 4238 ο)
620 4155 744 4222 Ambros.
760 4154 834 4234 epist.
852 4152 979 4230 XXXlll.
991 4150 1027 4212 ad
1047 4151 1167 4212 Marcel·
1209 4151 1255 4230 8.)
1320 4157 1395 4211 inter
1436 4155 1595 4237 episcopor,
1625 4164 1676 4242 qui
1699 4161 1846 4236 affimant,

481 4293 486 4300 .
523 4239 614 4305 linem
628 4243 790 4323 sororem-1·
1209 4239 1346 4316 precipue
1359 4236 1496 4302 Defensor
1510 4247 1622 4325 quidam
1644 4252 1760 4310 nomine
1776 4251 1846 4309 dici·

540 4389 544 4400 ,
571 4334 608 4414 d)
628 4338 703 4413 Aug.
721 4327 819 4412 lanmil,
834 4325 950 4386 liwir.
974 4342 1010 4383 ex
1043 4325 1162 4388 heom,
1207 4335 1253 4382 tur
1269 4321 1404 4384 rellir'ill'e:
1446 4329 1520 4389 unde
1551 4336 1775 4396 animaduersum
1798 4334 1846 4407 eil,

524 4407 558 4478 Χ.
578 4443 607 4501 p.
619 4438 668 4494 ης.
683 4417 733 4497 (p.
744 4433 806 4494 47).
824 4412 890 4500 edit.
900 4408 979 4474 Balil.
990 4407 1164 4488 MDleX.)
1205 4413 1330 4494 grauiter
1349 4411 1428 4474 illum
1448 4415 1570 4479 lenione
1595 4423 1757 4504 prophetica
1776 4437 1845 4481 tunc

523 4489 645 4576 itanu
656 4499 764 4592 aliquid
774 4501 811 4584 de
827 4495 997 4586 punitentia
1011 4495 1163 4589 dicetedig
1204 4511 1347 4570 mutum.
1409 4501 1488 4568 Nam
1504 4519 1593 4590 qua„
1614 4505 1730 4575 sonui„
1750 4507 1846 4579 ppo,

1725 4591 1849 4680 cidiffe
